Sales,4/2/2024,4/3/2024,4/4/2024,4/5/2024,4/6/2024,4/7/2024,4/8/2024,4/9/2024,4/10/2024,4/11/2024,4/12/2024,4/13/2024,4/14/2024,4/15/2024,4/16/2024,4/17/2024,4/18/2024,4/19/2024,4/20/2024,4/21/2024,4/22/2024,4/23/2024,4/24/2024,4/25/2024,4/26/2024,4/27/2024,4/28/2024,4/29/2024,4/30/2024,5/1/2024,5/2/2024,5/3/2024,5/4/2024,5/5/2024,5/6/2024,5/7/2024,5/8/2024,5/9/2024,5/10/2024,5/11/2024,5/12/2024,5/13/2024,5/14/2024,5/15/2024,5/16/2024,5/17/2024,5/18/2024,5/19/2024,5/20/2024,5/21/2024,5/22/2024,5/23/2024,5/24/2024,5/25/2024,5/26/2024,5/27/2024,5/28/2024,5/29/2024,5/30/2024,5/31/2024,6/1/2024,6/2/2024,6/3/2024,6/4/2024,6/5/2024,6/6/2024,6/7/2024,6/8/2024,6/9/2024,6/10/2024,6/11/2024,6/12/2024,6/13/2024,6/14/2024,6/15/2024,6/16/2024,6/17/2024,6/18/2024,6/19/2024,6/20/2024,6/21/2024,6/22/2024,6/23/2024,6/24/2024,6/25/2024,6/26/2024,6/27/2024,6/28/2024,6/29/2024,6/30/2024,7/1/2024,7/2/2024,7/3/2024,7/4/2024,7/5/2024,7/6/2024,7/7/2024,7/8/2024,7/9/2024,7/10/2024,7/11/2024,7/12/2024,7/13/2024,7/14/2024,7/15/2024,7/16/2024,7/17/2024,7/18/2024,7/19/2024,7/20/2024,7/21/2024,7/22/2024,7/23/2024,7/24/2024,7/25/2024,7/26/2024,7/27/2024,7/28/2024,7/29/2024,7/30/2024,7/31/2024,8/1/2024,8/2/2024,8/3/2024,8/4/2024,8/5/2024,8/6/2024,8/7/2024,8/8/2024,8/9/2024,8/10/2024,8/11/2024,8/12/2024,8/13/2024,8/14/2024,8/15/2024,8/16/2024,8/17/2024,8/18/2024,8/19/2024,8/20/2024,8/21/2024,8/22/2024,8/23/2024,8/24/2024,8/25/2024,8/26/2024,8/27/2024,8/28/2024,8/29/2024,8/30/2024,8/31/2024,9/1/2024,9/2/2024,9/3/2024,9/4/2024,9/5/2024,9/6/2024,9/7/2024,9/8/2024,9/9/2024,9/10/2024,9/11/2024,9/12/2024,9/13/2024,9/14/2024,9/15/2024,9/16/2024,9/17/2024,9/18/2024,9/19/2024,9/20/2024,9/21/2024,9/22/2024,9/23/2024,9/24/2024,9/25/2024,9/26/2024,9/27/2024,9/28/2024,9/29/2024,9/30/2024,10/1/2024,10/2/2024,10/3/2024,10/4/2024,10/5/2024,10/6/2024,10/7/2024,10/8/2024,10/9/2024,10/10/2024,10/11/2024,10/12/2024,10/13/2024,10/14/2024,10/15/2024,10/16/2024,10/17/2024,10/18/2024,10/19/2024,10/20/2024,10/21/2024,10/22/2024,10/23/2024,10/24/2024,10/25/2024,10/26/2024,10/27/2024,10/28/2024,10/29/2024,10/30/2024,10/31/2024,11/1/2024,11/2/2024,11/3/2024,11/4/2024,11/5/2024,11/6/2024,11/7/2024,11/8/2024,11/9/2024,11/10/2024,11/11/2024,11/12/2024,11/13/2024,11/14/2024,11/15/2024,11/16/2024,11/17/2024,11/18/2024,11/19/2024,11/20/2024,11/21/2024,11/22/2024,11/23/2024,11/24/2024,11/25/2024,11/26/2024,11/27/2024,11/28/2024,11/29/2024,11/30/2024,12/1/2024,12/2/2024,12/3/2024,12/4/2024,12/5/2024,12/6/2024,12/7/2024,12/8/2024,12/9/2024,12/10/2024,12/11/2024,12/12/2024,12/13/2024,12/14/2024,12/15/2024,12/16/2024,12/17/2024,12/18/2024,12/19/2024,12/20/2024,12/21/2024,12/22/2024,12/23/2024,12/24/2024,12/25/2024,12/26/2024,12/27/2024,12/28/2024,12/29/2024,12/30/2024,12/31/2024,1/1/2025,1/2/2025,1/3/2025,1/4/2025,1/5/2025,1/6/2025,1/7/2025,1/8/2025,1/9/2025,1/10/2025,1/11/2025,1/12/2025,1/13/2025,1/14/2025,1/15/2025,1/16/2025,1/17/2025,1/18/2025,1/19/2025,1/20/2025,1/21/2025,1/22/2025,1/23/2025,1/24/2025,1/25/2025,1/26/2025,1/27/2025,1/28/2025,1/29/2025,1/30/2025,1/31/2025,2/1/2025,2/2/2025,2/3/2025,2/4/2025,2/5/2025,2/6/2025,2/7/2025,2/8/2025,2/9/2025,2/10/2025,2/11/2025,2/12/2025,2/13/2025,2/14/2025,2/15/2025,2/16/2025,2/17/2025,2/18/2025,2/19/2025,2/20/2025,2/21/2025,2/22/2025,2/23/2025,2/24/2025,2/25/2025,2/26/2025,2/27/2025,2/28/2025,3/1/2025,3/2/2025
Gross Sales,0.0,0.0,157.59,151.26,156.81,178.89,0.0,0.0,0.0,163.57,0.0,199.56,144.63,0.0,0.0,0.0,183.51,167.5,193.63,176.09,0.0,0.0,0.0,149.92,170.0,176.7,135.36,179.63,0.0,0.0,136.4,170.55,205.63,164.86,0.0,0.0,0.0,154.75,140.07,180.71,171.51,101.91,0.0,0.0,158.86,141.64,148.92,146.42,145.86,0.0,0.0,164.44,138.31,151.98,156.35,136.39,0.0,0.0,117.03,145.0,172.79,130.06,121.36,0.0,0.0,139.5,138.81,145.59,134.89,143.72,0.0,0.0,112.9,185.68,126.4,171.66,106.55,0.0,0.0,119.52,170.84,151.98,120.45,127.44,0.0,0.0,134.75,132.04,159.84,149.46,112.95,0.0,0.0,127.35,103.0,134.01,126.38,105.11,0.0,110.34,126.43,150.49,147.55,137.78,127.0,0.0,116.11,126.55,127.02,125.08,108.59,100.86,0.0,106.32,131.06,124.09,128.25,81.76,103.51,0.0,0.0,118.09,114.37,136.93,112.41,100.75,93.47,122.44,0.0,89.65,132.25,121.39,92.11,0.0,0.0,93.66,136.9,116.3,119.27,0.0,0.0,0.0,96.17,143.74,136.28,106.24,113.55,0.0,0.0,81.6,117.29,118.79,114.8,90.2,0.0,0.0,109.56,78.36,145.95,118.58,94.56,0.0,0.0,95.33,124.99,133.38,131.37,86.77,0.0,0.0,111.36,104.6,117.6,104.04,64.79,0.0,0.0,0.0,0.0,155.04,103.54,116.55,0.0,0.0,128.04,114.04,132.66,142.7,84.53,0.0,0.0,146.29,84.27,0.0,0.0,0.0,0.0,0.0,0.0,0.0,117.85,140.32,0.0,0.0,0.0,91.75,121.79,112.4,127.88,0.0,0.0,0.0,0.0,134.42,143.14,127.46,0.0,0.0,0.0,118.45,99.63,175.03,132.06,0.0,0.0,0.0,121.31,139.42,147.29,145.05,0.0,0.0,0.0,0.0,120.35,161.08,153.63,0.0,0.0,0.0,0.0,161.95,147.09,144.23,0.0,0.0,0.0,147.43,169.46,169.59,0.0,0.0,0.0,0.0,142.51,144.12,196.07,172.13,0.0,0.0,0.0,151.0,143.38,169.51,160.56,0.0,0.0,0.0,0.0,157.1,179.78,0.0,0.0,0.0,0.0,119.71,208.17,173.47,0.0,0.0,0.0,0.0,0.0,0.0,0.0,0.0,0.0,0.0,0.0,141.07,176.97,192.41,0.0,0.0,0.0,0.0,172.74,180.03,176.23,206.31,0.0,0.0,0.0,0.0,195.15,219.63,197.68,0.0,0.0,0.0,175.48,189.09,193.0,152.73,0.0,0.0,0.0,0.0,174.71,0.0,156.37,0.0,0.0,0.0,0.0,174.53,160.59,188.43,0.0,0.0,0.0,0.0,194.81,241.83,0.0
Items,0.0,0.0,122.29,117.38,121.68,138.82,0.0,0.0,0.0,126.93,0.0,154.86,112.23,0.0,0.0,0.0,142.41,129.98,150.26,136.65,0.0,0.0,0.0,116.34,131.92,137.12,105.04,139.39,0.0,0.0,105.84,132.35,159.57,127.93,0.0,0.0,0.0,120.08,108.7,140.23,133.09,79.08,0.0,0.0,123.27,109.92,115.56,113.62,113.19,0.0,0.0,127.6,107.33,117.93,121.33,105.84,0.0,0.0,90.81,112.52,134.08,100.93,94.17,0.0,0.0,108.25,107.72,112.98,104.68,111.53,0.0,0.0,87.61,144.09,98.09,133.21,82.68,0.0,0.0,92.74,132.58,117.93,93.47,98.9,0.0,0.0,104.57,102.46,124.04,115.98,87.65,0.0,0.0,98.83,79.93,103.99,98.07,81.57,0.0,85.62,98.11,116.78,114.5,106.92,98.55,0.0,90.1,98.2,98.57,97.06,84.26,78.27,0.0,82.51,101.7,96.3,99.52,63.44,80.32,0.0,0.0,91.64,88.75,106.26,87.23,78.18,72.54,95.02,0.0,69.57,102.62,94.2,71.47,0.0,0.0,72.68,106.23,90.25,92.55,0.0,0.0,0.0,74.63,111.54,105.75,82.44,88.11,0.0,0.0,63.32,91.01,92.18,89.08,69.99,0.0,0.0,85.02,60.81,113.26,92.02,73.38,0.0,0.0,73.98,97.0,103.5,101.94,67.33,0.0,0.0,86.42,81.17,91.26,80.73,50.28,0.0,0.0,0.0,0.0,120.31,80.35,90.44,0.0,0.0,99.36,88.5,102.95,110.74,65.59,0.0,0.0,113.52,65.4,0.0,0.0,0.0,0.0,0.0,0.0,0.0,91.45,108.89,0.0,0.0,0.0,71.2,94.51,87.22,99.24,0.0,0.0,0.0,0.0,104.31,111.08,98.91,0.0,0.0,0.0,91.92,77.31,135.83,102.47,0.0,0.0,0.0,94.14,108.19,114.29,112.56,0.0,0.0,0.0,0.0,93.39,125.0,119.22,0.0,0.0,0.0,0.0,125.68,114.14,111.92,0.0,0.0,0.0,114.41,131.5,131.61,0.0,0.0,0.0,0.0,110.59,111.84,152.15,133.57,0.0,0.0,0.0,117.18,111.27,131.54,124.59,0.0,0.0,0.0,0.0,121.91,139.51,0.0,0.0,0.0,0.0,92.9,161.54,134.61,0.0,0.0,0.0,0.0,0.0,0.0,0.0,0.0,0.0,0.0,0.0,109.47,137.33,149.31,0.0,0.0,0.0,0.0,134.04,139.71,136.75,160.1,0.0,0.0,0.0,0.0,151.43,170.43,153.4,0.0,0.0,0.0,136.17,146.74,149.77,118.52,0.0,0.0,0.0,0.0,135.57,0.0,121.34,0.0,0.0,0.0,0.0,135.44,124.62,146.22,0.0,0.0,0.0,0.0,151.17,187.66,0.0
Service Charges,0.0,0.0,3.15,3.03,3.14,3.58,0.0,0.0,0.0,3.27,0.0,3.99,2.89,0.0,0.0,0.0,3.67,3.35,3.87,3.52,0.0,0.0,0.0,3.0,3.4,3.53,2.71,3.59,0.0,0.0,2.73,3.41,4.11,3.3,0.0,0.0,0.0,3.09,2.8,3.61,3.43,2.04,0.0,0.0,3.18,2.83,2.98,2.93,2.92,0.0,0.0,3.29,2.77,3.04,3.13,2.73,0.0,0.0,2.34,2.9,3.46,2.6,2.43,0.0,0.0,2.79,2.78,2.91,2.7,2.87,0.0,0.0,2.26,3.71,2.53,3.43,2.13,0.0,0.0,2.39,3.42,3.04,2.41,2.55,0.0,0.0,2.7,2.64,3.2,2.99,2.26,0.0,0.0,2.55,2.06,2.68,2.53,2.1,0.0,2.21,2.53,3.01,2.95,2.76,2.54,0.0,2.32,2.53,2.54,2.5,2.17,2.02,0.0,2.13,2.62,2.48,2.56,1.64,2.07,0.0,0.0,2.36,2.29,2.74,2.25,2.01,1.87,2.45,0.0,1.79,2.64,2.43,1.84,0.0,0.0,1.87,2.74,2.33,2.39,0.0,0.0,0.0,1.92,2.87,2.73,2.12,2.27,0.0,0.0,1.63,2.35,2.38,2.3,1.8,0.0,0.0,2.19,1.57,2.92,2.37,1.89,0.0,0.0,1.91,2.5,2.67,2.63,1.74,0.0,0.0,2.23,2.09,2.35,2.08,1.3,0.0,0.0,0.0,0.0,3.1,2.07,2.33,0.0,0.0,2.56,2.28,2.65,2.85,1.69,0.0,0.0,2.93,1.69,0.0,0.0,0.0,0.0,0.0,0.0,0.0,2.36,2.81,0.0,0.0,0.0,1.84,2.44,2.25,2.56,0.0,0.0,0.0,0.0,2.69,2.86,2.55,0.0,0.0,0.0,2.37,1.99,3.5,2.64,0.0,0.0,0.0,2.43,2.79,2.95,2.9,0.0,0.0,0.0,0.0,2.41,3.22,3.07,0.0,0.0,0.0,0.0,3.24,2.94,2.88,0.0,0.0,0.0,2.95,3.39,3.39,0.0,0.0,0.0,0.0,2.85,2.88,3.92,3.44,0.0,0.0,0.0,3.02,2.87,3.39,3.21,0.0,0.0,0.0,0.0,3.14,3.6,0.0,0.0,0.0,0.0,2.39,4.16,3.47,0.0,0.0,0.0,0.0,0.0,0.0,0.0,0.0,0.0,0.0,0.0,2.82,3.54,3.85,0.0,0.0,0.0,0.0,3.45,3.6,3.52,4.13,0.0,0.0,0.0,0.0,3.9,4.39,3.95,0.0,0.0,0.0,3.51,3.78,3.86,3.05,0.0,0.0,0.0,0.0,3.49,0.0,3.13,0.0,0.0,0.0,0.0,3.49,3.21,3.77,0.0,0.0,0.0,0.0,3.9,4.84,0.0
Returns,-0.0,-0.0,-1.58,-1.51,-1.57,-1.79,-0.0,-0.0,-0.0,-1.64,-0.0,-2.0,-1.45,-0.0,-0.0,-0.0,-1.84,-1.67,-1.94,-1.76,-0.0,-0.0,-0.0,-1.5,-1.7,-1.77,-1.35,-1.8,-0.0,-0.0,-1.36,-1.71,-2.06,-1.65,-0.0,-0.0,-0.0,-1.55,-1.4,-1.81,-1.72,-1.02,-0.0,-0.0,-1.59,-1.42,-1.49,-1.46,-1.46,-0.0,-0.0,-1.64,-1.38,-1.52,-1.56,-1.36,-0.0,-0.0,-1.17,-1.45,-1.73,-1.3,-1.21,-0.0,-0.0,-1.4,-1.39,-1.46,-1.35,-1.44,-0.0,-0.0,-1.13,-1.86,-1.26,-1.72,-1.07,-0.0,-0.0,-1.2,-1.71,-1.52,-1.2,-1.27,-0.0,-0.0,-1.35,-1.32,-1.6,-1.49,-1.13,-0.0,-0.0,-1.27,-1.03,-1.34,-1.26,-1.05,-0.0,-1.1,-1.26,-1.5,-1.48,-1.38,-1.27,-0.0,-1.16,-1.27,-1.27,-1.25,-1.09,-1.01,-0.0,-1.06,-1.31,-1.24,-1.28,-0.82,-1.04,-0.0,-0.0,-1.18,-1.14,-1.37,-1.12,-1.01,-0.93,-1.22,-0.0,-0.9,-1.32,-1.21,-0.92,-0.0,-0.0,-0.94,-1.37,-1.16,-1.19,-0.0,-0.0,-0.0,-0.96,-1.44,-1.36,-1.06,-1.14,-0.0,-0.0,-0.82,-1.17,-1.19,-1.15,-0.9,-0.0,-0.0,-1.1,-0.78,-1.46,-1.19,-0.95,-0.0,-0.0,-0.95,-1.25,-1.33,-1.31,-0.87,-0.0,-0.0,-1.11,-1.05,-1.18,-1.04,-0.65,-0.0,-0.0,-0.0,-0.0,-1.55,-1.04,-1.17,-0.0,-0.0,-1.28,-1.14,-1.33,-1.43,-0.85,-0.0,-0.0,-1.46,-0.84,-0.0,-0.0,-0.0,-0.0,-0.0,-0.0,-0.0,-1.18,-1.4,-0.0,-0.0,-0.0,-0.92,-1.22,-1.12,-1.28,-0.0,-0.0,-0.0,-0.0,-1.34,-1.43,-1.27,-0.0,-0.0,-0.0,-1.18,-1.0,-1.75,-1.32,-0.0,-0.0,-0.0,-1.21,-1.39,-1.47,-1.45,-0.0,-0.0,-0.0,-0.0,-1.2,-1.61,-1.54,-0.0,-0.0,-0.0,-0.0,-1.62,-1.47,-1.44,-0.0,-0.0,-0.0,-1.47,-1.69,-1.7,-0.0,-0.0,-0.0,-0.0,-1.43,-1.44,-1.96,-1.72,-0.0,-0.0,-0.0,-1.51,-1.43,-1.7,-1.61,-0.0,-0.0,-0.0,-0.0,-1.57,-1.8,-0.0,-0.0,-0.0,-0.0,-1.2,-2.08,-1.73,-0.0,-0.0,-0.0,-0.0,-0.0,-0.0,-0.0,-0.0,-0.0,-0.0,-0.0,-1.41,-1.77,-1.92,-0.0,-0.0,-0.0,-0.0,-1.73,-1.8,-1.76,-2.06,-0.0,-0.0,-0.0,-0.0,-1.95,-2.2,-1.98,-0.0,-0.0,-0.0,-1.75,-1.89,-1.93,-1.53,-0.0,-0.0,-0.0,-0.0,-1.75,-0.0,-1.56,-0.0,-0.0,-0.0,-0.0,-1.75,-1.61,-1.88,-0.0,-0.0,-0.0,-0.0,-1.95,-2.42,-0.0
Discounts & Comps,-0.0,-0.0,-6.3,-6.05,-6.27,-7.16,-0.0,-0.0,-0.0,-6.54,-0.0,-7.98,-5.79,-0.0,-0.0,-0.0,-7.34,-6.7,-7.75,-7.04,-0.0,-0.0,-0.0,-6.0,-6.8,-7.07,-5.41,-7.19,-0.0,-0.0,-5.46,-6.82,-8.23,-6.59,-0.0,-0.0,-0.0,-6.19,-5.6,-7.23,-6.86,-4.08,-0.0,-0.0,-6.35,-5.67,-5.96,-5.86,-5.83,-0.0,-0.0,-6.58,-5.53,-6.08,-6.25,-5.46,-0.0,-0.0,-4.68,-5.8,-6.91,-5.2,-4.85,-0.0,-0.0,-5.58,-5.55,-5.82,-5.4,-5.75,-0.0,-0.0,-4.52,-7.43,-5.06,-6.87,-4.26,-0.0,-0.0,-4.78,-6.83,-6.08,-4.82,-5.1,-0.0,-0.0,-5.39,-5.28,-6.39,-5.98,-4.52,-0.0,-0.0,-5.09,-4.12,-5.36,-5.06,-4.2,-0.0,-4.41,-5.06,-6.02,-5.9,-5.51,-5.08,-0.0,-4.64,-5.06,-5.08,-5.0,-4.34,-4.03,-0.0,-4.25,-5.24,-4.96,-5.13,-3.27,-4.14,-0.0,-0.0,-4.72,-4.57,-5.48,-4.5,-4.03,-3.74,-4.9,-0.0,-3.59,-5.29,-4.86,-3.68,-0.0,-0.0,-3.75,-5.48,-4.65,-4.77,-0.0,-0.0,-0.0,-3.85,-5.75,-5.45,-4.25,-4.54,-0.0,-0.0,-3.26,-4.69,-4.75,-4.59,-3.61,-0.0,-0.0,-4.38,-3.13,-5.84,-4.74,-3.78,-0.0,-0.0,-3.81,-5.0,-5.34,-5.25,-3.47,-0.0,-0.0,-4.45,-4.18,-4.7,-4.16,-2.59,-0.0,-0.0,-0.0,-0.0,-6.2,-4.14,-4.66,-0.0,-0.0,-5.12,-4.56,-5.31,-5.71,-3.38,-0.0,-0.0,-5.85,-3.37,-0.0,-0.0,-0.0,-0.0,-0.0,-0.0,-0.0,-4.71,-5.61,-0.0,-0.0,-0.0,-3.67,-4.87,-4.5,-5.12,-0.0,-0.0,-0.0,-0.0,-5.38,-5.73,-5.1,-0.0,-0.0,-0.0,-4.74,-3.99,-7.0,-5.28,-0.0,-0.0,-0.0,-4.85,-5.58,-5.89,-5.8,-0.0,-0.0,-0.0,-0.0,-4.81,-6.44,-6.15,-0.0,-0.0,-0.0,-0.0,-6.48,-5.88,-5.77,-0.0,-0.0,-0.0,-5.9,-6.78,-6.78,-0.0,-0.0,-0.0,-0.0,-5.7,-5.76,-7.84,-6.89,-0.0,-0.0,-0.0,-6.04,-5.74,-6.78,-6.42,-0.0,-0.0,-0.0,-0.0,-6.28,-7.19,-0.0,-0.0,-0.0,-0.0,-4.79,-8.33,-6.94,-0.0,-0.0,-0.0,-0.0,-0.0,-0.0,-0.0,-0.0,-0.0,-0.0,-0.0,-5.64,-7.08,-7.7,-0.0,-0.0,-0.0,-0.0,-6.91,-7.2,-7.05,-8.25,-0.0,-0.0,-0.0,-0.0,-7.81,-8.79,-7.91,-0.0,-0.0,-0.0,-7.02,-7.56,-7.72,-6.11,-0.0,-0.0,-0.0,-0.0,-6.99,-0.0,-6.25,-0.0,-0.0,-0.0,-0.0,-6.98,-6.42,-7.54,-0.0,-0.0,-0.0,-0.0,-7.79,-9.67,-0.0
Net Sales,0.0,0.0,152.87,146.73,152.1,173.53,0.0,0.0,0.0,158.67,0.0,193.57,140.29,0.0,0.0,0.0,178.01,162.47,187.82,170.81,0.0,0.0,0.0,145.43,164.9,171.4,131.3,174.24,0.0,0.0,132.3,165.44,199.46,159.92,0.0,0.0,0.0,150.1,135.87,175.29,166.37,98.85,0.0,0.0,154.09,137.39,144.45,142.03,141.48,0.0,0.0,159.5,134.16,147.42,151.66,132.3,0.0,0.0,113.52,140.65,167.61,126.16,117.72,0.0,0.0,135.32,134.65,141.22,130.85,139.41,0.0,0.0,109.52,180.11,122.61,166.51,103.35,0.0,0.0,115.93,165.72,147.42,116.84,123.62,0.0,0.0,130.71,128.08,155.05,144.97,109.56,0.0,0.0,123.53,99.91,129.99,122.59,101.96,0.0,107.03,122.64,145.98,143.12,133.65,123.19,0.0,112.63,122.75,123.21,121.33,105.33,97.84,0.0,103.13,127.12,120.37,124.4,79.31,100.4,0.0,0.0,114.54,110.94,132.82,109.04,97.72,90.67,118.77,0.0,86.96,128.28,117.75,89.34,0.0,0.0,90.85,132.79,112.81,115.69,0.0,0.0,0.0,93.29,139.43,132.19,103.05,110.14,0.0,0.0,79.15,113.77,115.23,111.35,87.49,0.0,0.0,106.27,76.01,141.58,115.02,91.72,0.0,0.0,92.47,121.24,129.38,127.42,84.16,0.0,0.0,108.02,101.46,114.07,100.92,62.85,0.0,0.0,0.0,0.0,150.39,100.43,113.05,0.0,0.0,124.2,110.62,128.68,138.42,81.99,0.0,0.0,141.9,81.74,0.0,0.0,0.0,0.0,0.0,0.0,0.0,114.32,136.11,0.0,0.0,0.0,89.0,118.13,109.02,124.05,0.0,0.0,0.0,0.0,130.39,138.85,123.64,0.0,0.0,0.0,114.9,96.64,169.78,128.09,0.0,0.0,0.0,117.67,135.24,142.87,140.69,0.0,0.0,0.0,0.0,116.74,156.25,149.02,0.0,0.0,0.0,0.0,157.09,142.68,139.9,0.0,0.0,0.0,143.01,164.38,164.51,0.0,0.0,0.0,0.0,138.23,139.79,190.18,166.96,0.0,0.0,0.0,146.47,139.08,164.42,155.74,0.0,0.0,0.0,0.0,152.39,174.38,0.0,0.0,0.0,0.0,116.12,201.93,168.26,0.0,0.0,0.0,0.0,0.0,0.0,0.0,0.0,0.0,0.0,0.0,136.84,171.66,186.63,0.0,0.0,0.0,0.0,167.55,174.63,170.94,200.12,0.0,0.0,0.0,0.0,189.29,213.04,191.75,0.0,0.0,0.0,170.22,183.42,187.21,148.15,0.0,0.0,0.0,0.0,169.47,0.0,151.68,0.0,0.0,0.0,0.0,169.3,155.77,182.77,0.0,0.0,0.0,0.0,188.96,234.57,0.0
Gift Card Sales,0.0,0.0,4.25,5.12,4.74,5.62,0.0,0.0,0.0,5.64,0.0,5.25,4.08,0.0,0.0,0.0,6.73,4.25,6.04,5.29,0.0,0.0,0.0,3.42,5.35,5.2,4.51,4.03,0.0,0.0,2.97,6.36,4.66,6.15,0.0,0.0,0.0,5.58,5.18,4.92,3.82,3.26,0.0,0.0,4.01,2.95,4.3,5.36,4.55,0.0,0.0,4.03,3.08,4.36,5.65,3.36,0.0,0.0,2.62,5.35,3.92,2.8,3.27,0.0,0.0,2.93,4.23,3.35,3.19,4.92,0.0,0.0,2.4,4.5,4.75,6.3,3.06,0.0,0.0,4.37,5.03,4.75,3.53,2.74,0.0,0.0,3.79,3.23,4.68,5.3,3.14,0.0,0.0,4.57,2.92,3.65,3.73,2.52,0.0,2.87,4.13,4.35,5.22,4.96,3.83,0.0,3.16,3.06,3.55,3.13,2.39,3.26,0.0,3.49,2.79,4.23,4.68,1.74,3.39,0.0,0.0,2.41,2.78,3.86,3.06,2.13,3.51,4.01,0.0,2.49,4.28,3.34,2.07,0.0,0.0,1.94,4.7,3.35,2.81,0.0,0.0,0.0,3.6,3.92,5.07,2.17,2.58,0.0,0.0,2.39,3.99,3.75,3.3,2.19,0.0,0.0,2.5,2.46,4.97,4.04,3.27,0.0,0.0,2.93,4.32,4.99,4.33,2.94,0.0,0.0,4.07,2.68,3.57,2.74,2.01,0.0,0.0,0.0,0.0,3.95,3.52,3.08,0.0,0.0,2.84,3.67,4.9,3.51,1.89,0.0,0.0,5.45,1.89,0.0,0.0,0.0,0.0,0.0,0.0,0.0,3.22,3.14,0.0,0.0,0.0,2.22,4.6,2.61,2.85,0.0,0.0,0.0,0.0,4.72,3.35,2.96,0.0,0.0,0.0,2.61,2.13,5.19,3.51,0.0,0.0,0.0,3.09,5.27,3.55,3.6,0.0,0.0,0.0,0.0,4.16,3.37,3.73,0.0,0.0,0.0,0.0,6.08,3.43,4.67,0.0,0.0,0.0,4.52,4.05,5.27,0.0,0.0,0.0,0.0,3.37,4.36,6.07,4.36,0.0,0.0,0.0,3.9,3.54,5.83,5.63,0.0,0.0,0.0,0.0,4.1,4.64,0.0,0.0,0.0,0.0,3.31,5.97,6.2,0.0,0.0,0.0,0.0,0.0,0.0,0.0,0.0,0.0,0.0,0.0,3.71,5.61,4.8,0.0,0.0,0.0,0.0,4.99,5.51,6.45,7.38,0.0,0.0,0.0,0.0,6.33,5.11,5.44,0.0,0.0,0.0,5.16,6.31,4.21,3.8,0.0,0.0,0.0,0.0,5.93,0.0,5.11,0.0,0.0,0.0,0.0,5.36,3.36,4.92,0.0,0.0,0.0,0.0,4.12,5.36,0.0
Tax,0.0,0.0,8.56,8.22,8.52,9.72,0.0,0.0,0.0,8.89,0.0,10.84,7.86,0.0,0.0,0.0,9.97,9.1,10.52,9.57,0.0,0.0,0.0,8.14,9.23,9.6,7.35,9.76,0.0,0.0,7.41,9.26,11.17,8.96,0.0,0.0,0.0,8.41,7.61,9.82,9.32,5.54,0.0,0.0,8.63,7.69,8.09,7.95,7.92,0.0,0.0,8.93,7.51,8.26,8.49,7.41,0.0,0.0,6.36,7.88,9.39,7.07,6.59,0.0,0.0,7.58,7.54,7.91,7.33,7.81,0.0,0.0,6.13,10.09,6.87,9.32,5.79,0.0,0.0,6.49,9.28,8.26,6.54,6.92,0.0,0.0,7.32,7.17,8.68,8.12,6.14,0.0,0.0,6.92,5.6,7.28,6.87,5.71,0.0,5.99,6.87,8.17,8.01,7.48,6.9,0.0,6.31,6.87,6.9,6.79,5.9,5.48,0.0,5.78,7.12,6.74,6.97,4.44,5.62,0.0,0.0,6.41,6.21,7.44,6.11,5.47,5.08,6.65,0.0,4.87,7.18,6.59,5.0,0.0,0.0,5.09,7.44,6.32,6.48,0.0,0.0,0.0,5.22,7.81,7.4,5.77,6.17,0.0,0.0,4.43,6.37,6.45,6.24,4.9,0.0,0.0,5.95,4.26,7.93,6.44,5.14,0.0,0.0,5.18,6.79,7.25,7.14,4.71,0.0,0.0,6.05,5.68,6.39,5.65,3.52,0.0,0.0,0.0,0.0,8.42,5.62,6.33,0.0,0.0,6.96,6.19,7.21,7.75,4.59,0.0,0.0,7.95,4.58,0.0,0.0,0.0,0.0,0.0,0.0,0.0,6.4,7.62,0.0,0.0,0.0,4.98,6.62,6.11,6.95,0.0,0.0,0.0,0.0,7.3,7.78,6.92,0.0,0.0,0.0,6.43,5.41,9.51,7.17,0.0,0.0,0.0,6.59,7.57,8.0,7.88,0.0,0.0,0.0,0.0,6.54,8.75,8.35,0.0,0.0,0.0,0.0,8.8,7.99,7.83,0.0,0.0,0.0,8.01,9.21,9.21,0.0,0.0,0.0,0.0,7.74,7.83,10.65,9.35,0.0,0.0,0.0,8.2,7.79,9.21,8.72,0.0,0.0,0.0,0.0,8.53,9.77,0.0,0.0,0.0,0.0,6.5,11.31,9.42,0.0,0.0,0.0,0.0,0.0,0.0,0.0,0.0,0.0,0.0,0.0,7.66,9.61,10.45,0.0,0.0,0.0,0.0,9.38,9.78,9.57,11.21,0.0,0.0,0.0,0.0,10.6,11.93,10.74,0.0,0.0,0.0,9.53,10.27,10.48,8.3,0.0,0.0,0.0,0.0,9.49,0.0,8.49,0.0,0.0,0.0,0.0,9.48,8.72,10.24,0.0,0.0,0.0,0.0,10.58,13.14,0.0
Tip,0.0,0.0,17.1,15.37,20.32,19.59,0.0,0.0,0.0,20.81,0.0,23.4,18.58,0.0,0.0,0.0,22.22,21.36,21.39,23.09,0.0,0.0,0.0,16.72,17.17,22.49,14.49,22.51,0.0,0.0,17.52,18.09,26.39,17.02,0.0,0.0,0.0,15.51,15.5,21.76,17.92,11.48,0.0,0.0,20.12,16.93,18.99,18.76,14.75,0.0,0.0,19.16,16.51,19.0,18.6,15.39,0.0,0.0,12.09,16.09,18.99,13.36,12.55,0.0,0.0,14.32,17.06,17.94,16.01,14.61,0.0,0.0,12.23,21.28,13.72,20.91,12.39,0.0,0.0,14.36,20.65,16.62,12.21,16.62,0.0,0.0,14.28,14.34,20.4,18.46,14.2,0.0,0.0,15.25,11.99,14.74,15.8,10.71,0.0,11.33,15.13,18.1,19.72,15.11,13.49,0.0,14.44,14.2,12.66,13.1,11.39,13.06,0.0,12.33,15.1,15.18,16.4,9.99,11.89,0.0,0.0,13.0,11.37,15.07,11.73,12.4,9.68,12.9,0.0,11.81,14.67,14.11,11.46,0.0,0.0,11.54,17.88,14.74,15.83,0.0,0.0,0.0,9.66,15.94,13.63,12.26,13.76,0.0,0.0,9.92,13.23,14.39,13.92,11.56,0.0,0.0,11.2,8.62,15.16,13.1,11.43,0.0,0.0,10.26,13.75,13.47,15.65,9.4,0.0,0.0,12.0,10.38,14.6,13.01,8.06,0.0,0.0,0.0,0.0,19.62,12.29,15.11,0.0,0.0,12.79,13.78,13.41,14.59,10.62,0.0,0.0,16.91,9.06,0.0,0.0,0.0,0.0,0.0,0.0,0.0,13.35,17.78,0.0,0.0,0.0,9.27,13.5,13.02,14.89,0.0,0.0,0.0,0.0,15.89,18.02,13.64,0.0,0.0,0.0,11.89,13.19,21.6,16.81,0.0,0.0,0.0,13.28,15.21,15.16,14.64,0.0,0.0,0.0,0.0,12.86,20.45,17.9,0.0,0.0,0.0,0.0,20.21,18.72,17.5,0.0,0.0,0.0,17.97,19.3,17.3,0.0,0.0,0.0,0.0,16.7,18.74,20.11,19.86,0.0,0.0,0.0,17.63,17.84,19.06,19.73,0.0,0.0,0.0,0.0,16.2,20.91,0.0,0.0,0.0,0.0,13.8,25.65,22.02,0.0,0.0,0.0,0.0,0.0,0.0,0.0,0.0,0.0,0.0,0.0,15.22,23.18,25.43,0.0,0.0,0.0,0.0,20.35,24.1,18.58,24.78,0.0,0.0,0.0,0.0,24.96,24.58,26.24,0.0,0.0,0.0,19.71,22.97,22.49,16.39,0.0,0.0,0.0,0.0,20.17,0.0,17.87,0.0,0.0,0.0,0.0,22.94,17.14,19.3,0.0,0.0,0.0,0.0,20.03,28.6,0.0
Refunds by Amount,-0.0,-0.0,-0.74,-0.25,-0.65,-0.38,-0.0,-0.0,-0.0,-0.61,-0.0,-0.07,-0.59,-0.0,-0.0,-0.0,-0.45,-0.75,-0.39,-0.43,-0.0,-0.0,-0.0,-0.7,-0.64,-0.59,-0.58,-0.69,-0.0,-0.0,-0.36,-0.4,-0.73,-0.24,-0.0,-0.0,-0.0,-0.63,-0.65,-0.21,-0.04,-0.27,-0.0,-0.0,-0.28,-0.51,-0.15,-0.13,-0.37,-0.0,-0.0,-0.78,-0.25,-0.72,-0.64,-0.59,-0.0,-0.0,-0.37,-0.26,-0.82,-0.51,-0.56,-0.0,-0.0,-0.4,-0.06,-0.49,-0.19,-0.48,-0.0,-0.0,-0.44,-0.19,-0.35,-0.68,-0.35,-0.0,-0.0,-0.14,-0.43,-0.15,-0.4,-0.03,-0.0,-0.0,-0.17,-0.47,-0.52,-0.4,-0.16,-0.0,-0.0,-0.37,-0.27,-0.61,-0.28,-0.51,-0.0,-0.06,-0.47,-0.07,-0.1,-0.37,-0.61,-0.0,-0.21,-0.17,-0.16,-0.6,-0.25,-0.05,-0.0,-0.15,-0.1,-0.37,-0.45,-0.38,-0.13,-0.0,-0.0,-0.56,-0.21,-0.45,-0.54,-0.34,-0.03,-0.31,-0.0,-0.28,-0.12,-0.21,-0.05,-0.0,-0.0,-0.39,-0.11,-0.33,-0.3,-0.0,-0.0,-0.0,-0.03,-0.38,-0.03,-0.18,-0.38,-0.0,-0.0,-0.29,-0.0,-0.27,-0.1,-0.3,-0.0,-0.0,-0.1,-0.23,-0.2,-0.29,-0.3,-0.0,-0.0,-0.24,-0.03,-0.29,-0.62,-0.42,-0.0,-0.0,-0.13,-0.4,-0.47,-0.03,-0.18,-0.0,-0.0,-0.0,-0.0,-0.09,-0.05,-0.16,-0.0,-0.0,-0.35,-0.3,-0.2,-0.1,-0.28,-0.0,-0.0,-0.18,-0.04,-0.0,-0.0,-0.0,-0.0,-0.0,-0.0,-0.0,-0.13,-0.13,-0.0,-0.0,-0.0,-0.23,-0.12,-0.16,-0.3,-0.0,-0.0,-0.0,-0.0,-0.28,-0.35,-0.12,-0.0,-0.0,-0.0,-0.49,-0.36,-0.8,-0.29,-0.0,-0.0,-0.0,-0.4,-0.67,-0.01,-0.48,-0.0,-0.0,-0.0,-0.0,-0.39,-0.19,-0.57,-0.0,-0.0,-0.0,-0.0,-0.72,-0.6,-0.37,-0.0,-0.0,-0.0,-0.08,-0.2,-0.04,-0.0,-0.0,-0.0,-0.0,-0.41,-0.32,-0.48,-0.81,-0.0,-0.0,-0.0,-0.34,-0.58,-0.37,-0.14,-0.0,-0.0,-0.0,-0.0,-0.27,-0.81,-0.0,-0.0,-0.0,-0.0,-0.05,-0.32,-0.11,-0.0,-0.0,-0.0,-0.0,-0.0,-0.0,-0.0,-0.0,-0.0,-0.0,-0.0,-0.07,-0.35,-0.28,-0.0,-0.0,-0.0,-0.0,-0.13,-0.33,-0.71,-0.68,-0.0,-0.0,-0.0,-0.0,-0.08,-0.22,-0.04,-0.0,-0.0,-0.0,-0.35,-0.06,-0.34,-0.25,-0.0,-0.0,-0.0,-0.0,-0.83,-0.0,-0.35,-0.0,-0.0,-0.0,-0.0,-0.62,-0.2,-0.27,-0.0,-0.0,-0.0,-0.0,-0.62,-0.4,-0.0
Total,0.0,0.0,182.04,175.18,185.04,208.08,0.0,0.0,0.0,193.39,0.0,232.99,170.21,0.0,0.0,0.0,216.47,196.43,225.39,208.32,0.0,0.0,0.0,173.01,196.02,208.1,157.07,209.85,0.0,0.0,159.84,198.75,240.95,191.8,0.0,0.0,0.0,178.96,163.5,211.59,197.39,118.86,0.0,0.0,186.57,164.45,175.68,173.97,168.34,0.0,0.0,190.84,161.02,178.31,183.75,157.87,0.0,0.0,134.21,169.72,199.09,148.88,139.57,0.0,0.0,159.74,163.42,169.93,157.19,166.26,0.0,0.0,129.84,215.78,147.6,202.37,124.24,0.0,0.0,141.01,200.24,176.89,138.73,149.86,0.0,0.0,155.93,152.35,188.29,176.45,132.88,0.0,0.0,149.9,120.14,155.06,148.71,120.4,0.0,127.17,148.3,176.54,175.98,160.83,146.81,0.0,136.32,146.71,146.16,143.76,124.77,119.58,0.0,124.58,152.03,146.16,152.0,95.1,121.17,0.0,0.0,135.81,131.09,158.75,129.4,117.38,108.9,142.02,0.0,105.85,154.29,141.58,107.83,0.0,0.0,109.03,162.69,136.89,140.5,0.0,0.0,0.0,111.74,166.72,158.27,123.07,132.27,0.0,0.0,95.61,137.35,139.54,134.71,105.84,0.0,0.0,125.83,91.12,169.42,138.32,111.25,0.0,0.0,110.6,146.07,154.79,153.92,100.8,0.0,0.0,130.01,119.81,138.16,122.29,76.27,0.0,0.0,0.0,0.0,182.29,121.81,137.41,0.0,0.0,146.44,133.97,154.0,164.17,98.81,0.0,0.0,172.02,97.22,0.0,0.0,0.0,0.0,0.0,0.0,0.0,137.16,164.52,0.0,0.0,0.0,105.24,142.73,130.6,148.43,0.0,0.0,0.0,0.0,158.03,167.63,147.04,0.0,0.0,0.0,135.34,117.01,205.28,155.29,0.0,0.0,0.0,140.23,162.62,169.57,166.33,0.0,0.0,0.0,0.0,139.9,188.64,178.42,0.0,0.0,0.0,0.0,191.46,172.23,169.55,0.0,0.0,0.0,173.42,196.74,196.26,0.0,0.0,0.0,0.0,165.63,170.4,226.54,199.72,0.0,0.0,0.0,175.87,167.68,198.15,189.68,0.0,0.0,0.0,0.0,180.95,208.88,0.0,0.0,0.0,0.0,139.68,244.53,205.8,0.0,0.0,0.0,0.0,0.0,0.0,0.0,0.0,0.0,0.0,0.0,163.35,209.72,227.03,0.0,0.0,0.0,0.0,202.15,213.69,204.84,242.81,0.0,0.0,0.0,0.0,231.11,254.44,234.14,0.0,0.0,0.0,204.27,222.92,224.05,176.39,0.0,0.0,0.0,0.0,204.22,0.0,182.8,0.0,0.0,0.0,0.0,206.46,184.79,216.97,0.0,0.0,0.0,0.0,223.08,281.27,0.0
,,,,,,,,,,,,,,,,,,,,,,,,,,,,,,,,,,,,,,,,,,,,,,,,,,,,,,,,,,,,,,,,,,,,,,,,,,,,,,,,,,,,,,,,,,,,,,,,,,,,,,,,,,,,,,,,,,,,,,,,,,,,,,,,,,,,,,,,,,,,,,,,,,,,,,,,,,,,,,,,,,,,,,,,,,,,,,,,,,,,,,,,,,,,,,,,,,,,,,,,,,,,,,,,,,,,,,,,,,,,,,,,,,,,,,,,,,,,,,,,,,,,,,,,,,,,,,,,,,,,,,,,,,,,,,,,,,,,,,,,,,,,,,,,,,,,,,,,,,,,,,,,,,,,,,,,,,,,,,,,,,,,,,,,,,,,,,,
Payments,,,,,,,,,,,,,,,,,,,,,,,,,,,,,,,,,,,,,,,,,,,,,,,,,,,,,,,,,,,,,,,,,,,,,,,,,,,,,,,,,,,,,,,,,,,,,,,,,,,,,,,,,,,,,,,,,,,,,,,,,,,,,,,,,,,,,,,,,,,,,,,,,,,,,,,,,,,,,,,,,,,,,,,,,,,,,,,,,,,,,,,,,,,,,,,,,,,,,,,,,,,,,,,,,,,,,,,,,,,,,,,,,,,,,,,,,,,,,,,,,,,,,,,,,,,,,,,,,,,,,,,,,,,,,,,,,,,,,,,,,,,,,,,,,,,,,,,,,,,,,,,,,,,,,,,,,,,,,,,,,,,,,,,,,,,,,,,
Total Collected,0.0,0.0,180.82,175.04,184.23,218.01,0.0,0.0,0.0,194.53,0.0,231.24,169.18,0.0,0.0,0.0,216.7,194.78,224.67,207.36,0.0,0.0,0.0,171.25,195.5,207.05,156.86,207.58,0.0,0.0,158.02,199.14,238.38,192.29,0.0,0.0,0.0,179.17,163.77,210.16,195.29,118.55,0.0,0.0,184.98,162.47,174.71,174.11,167.84,0.0,0.0,191.38,159.27,178.04,183.88,156.5,0.0,0.0,132.8,169.98,197.04,147.22,138.65,0.0,0.0,164.18,162.75,168.18,155.66,166.19,0.0,0.0,128.35,213.81,147.92,202.6,123.57,0.0,0.0,141.15,199.27,176.34,138.1,148.1,0.0,0.0,155.14,151.01,187.33,176.45,132.03,0.0,0.0,149.97,119.45,154.05,147.98,122.37,0.0,126.23,147.98,175.6,175.91,162.34,146.23,0.0,135.39,145.37,145.33,142.57,123.42,119.25,0.0,124.34,150.26,146.01,152.12,93.99,122.2,0.0,0.0,134.15,129.93,157.85,129.21,115.99,109.14,141.77,0.0,105.16,153.95,140.66,106.66,0.0,0.0,107.7,162.5,136.47,139.09,0.0,0.0,0.0,111.98,165.64,158.59,121.55,130.88,0.0,0.0,95.13,137.22,140.61,133.98,104.85,0.0,0.0,124.56,90.85,169.31,138.21,112.59,0.0,0.0,110.21,146.01,155.15,153.64,100.71,0.0,0.0,130.19,118.9,137.58,121.37,75.99,0.0,0.0,0.0,0.0,180.76,121.67,136.37,0.0,0.0,144.89,133.62,154.28,162.76,97.73,0.0,0.0,172.31,96.2,0.0,0.0,0.0,0.0,0.0,0.0,0.0,136.27,162.72,0.0,0.0,0.0,104.3,143.05,129.29,146.84,0.0,0.0,0.0,0.0,158.0,165.95,145.59,0.0,0.0,0.0,133.89,115.62,204.32,154.14,0.0,0.0,0.0,139.12,163.01,168.84,164.94,0.0,0.0,0.0,0.0,139.87,186.34,176.79,0.0,0.0,0.0,0.0,193.35,170.49,169.14,0.0,0.0,0.0,172.74,194.88,195.64,0.0,0.0,0.0,0.0,164.03,169.65,225.82,201.02,0.0,0.0,0.0,174.49,166.19,198.03,190.35,0.0,0.0,0.0,0.0,179.63,207.26,0.0,0.0,0.0,0.0,138.8,243.17,205.83,0.0,0.0,0.0,0.0,0.0,0.0,0.0,0.0,0.0,0.0,0.0,162.16,209.03,225.02,0.0,0.0,0.0,0.0,201.07,212.78,205.14,243.47,0.0,0.0,0.0,0.0,230.51,251.91,232.55,0.0,0.0,0.0,203.3,222.54,221.54,174.9,0.0,0.0,0.0,0.0,204.03,0.0,182.42,0.0,0.0,0.0,0.0,205.62,182.6,215.38,0.0,0.0,0.0,0.0,220.5,278.19,0.0
Cash,0.0,0.0,50.82,49.46,52.86,69.27,0.0,0.0,0.0,50.43,0.0,58.44,41.51,0.0,0.0,0.0,58.3,46.65,58.38,56.01,0.0,0.0,0.0,41.69,51.4,50.63,37.66,56.7,0.0,0.0,41.75,56.05,61.6,52.5,0.0,0.0,0.0,47.14,41.58,50.46,49.81,31.72,0.0,0.0,47.6,40.05,55.03,44.81,43.71,0.0,0.0,59.0,43.12,49.67,48.84,46.38,0.0,0.0,31.86,46.13,44.18,39.16,39.42,0.0,0.0,48.65,45.24,41.09,35.72,39.65,0.0,0.0,35.54,56.49,40.09,50.13,36.31,0.0,0.0,37.77,55.26,45.57,34.82,38.74,0.0,0.0,42.42,40.38,44.95,41.72,32.8,0.0,0.0,39.85,31.73,34.97,34.62,35.66,0.0,31.25,42.96,43.37,45.54,45.36,42.32,0.0,34.01,31.71,36.39,38.29,31.58,30.31,0.0,30.91,35.08,36.96,39.85,25.92,31.07,0.0,0.0,34.0,32.53,38.58,32.78,33.92,27.32,36.89,0.0,28.18,44.14,37.09,28.98,0.0,0.0,28.12,42.02,38.09,35.19,0.0,0.0,0.0,28.4,47.98,40.72,30.27,38.02,0.0,0.0,26.48,32.84,41.02,37.68,25.48,0.0,0.0,33.22,21.71,45.66,29.52,31.31,0.0,0.0,25.8,35.16,42.33,31.63,27.48,0.0,0.0,32.07,30.87,37.06,30.3,19.97,0.0,0.0,0.0,0.0,46.6,31.66,35.64,0.0,0.0,35.72,34.52,39.38,44.97,25.19,0.0,0.0,42.88,22.35,0.0,0.0,0.0,0.0,0.0,0.0,0.0,35.92,49.94,0.0,0.0,0.0,24.86,34.54,31.64,34.8,0.0,0.0,0.0,0.0,45.99,45.86,41.56,0.0,0.0,0.0,36.12,32.49,47.9,39.44,0.0,0.0,0.0,35.66,38.64,47.36,42.64,0.0,0.0,0.0,0.0,35.38,46.53,51.36,0.0,0.0,0.0,0.0,55.36,43.15,44.17,0.0,0.0,0.0,42.56,52.96,50.01,0.0,0.0,0.0,0.0,52.23,50.84,58.41,55.81,0.0,0.0,0.0,46.36,39.84,57.85,55.89,0.0,0.0,0.0,0.0,47.51,49.86,0.0,0.0,0.0,0.0,30.25,65.46,55.58,0.0,0.0,0.0,0.0,0.0,0.0,0.0,0.0,0.0,0.0,0.0,41.73,52.22,57.91,0.0,0.0,0.0,0.0,56.5,60.31,53.59,69.25,0.0,0.0,0.0,0.0,60.65,68.51,68.37,0.0,0.0,0.0,46.96,55.81,53.63,53.38,0.0,0.0,0.0,0.0,58.26,0.0,43.94,0.0,0.0,0.0,0.0,48.55,46.04,58.27,0.0,0.0,0.0,0.0,64.94,87.04,0.0
Card,0.0,0.0,119.33,118.15,121.39,143.12,0.0,0.0,0.0,138.46,0.0,159.19,114.48,0.0,0.0,0.0,144.25,133.03,144.22,134.12,0.0,0.0,0.0,117.54,134.93,144.46,98.9,134.63,0.0,0.0,110.73,129.21,163.42,133.64,0.0,0.0,0.0,125.39,106.47,140.95,137.82,78.87,0.0,0.0,125.34,106.52,114.45,120.06,117.13,0.0,0.0,128.34,109.45,124.02,119.03,105.37,0.0,0.0,91.71,111.47,138.72,102.51,92.72,0.0,0.0,112.6,112.65,120.13,107.73,116.93,0.0,0.0,89.77,149.21,100.76,133.55,83.86,0.0,0.0,93.64,134.52,124.65,90.42,97.15,0.0,0.0,108.93,104.32,130.39,118.66,92.31,0.0,0.0,99.36,83.14,107.07,99.22,84.19,0.0,85.61,97.23,124.93,120.81,112.02,97.16,0.0,95.08,100.38,99.33,94.3,87.99,83.13,0.0,80.24,106.64,96.26,102.48,64.35,87.73,0.0,0.0,93.32,87.14,111.77,93.37,78.78,73.08,99.98,0.0,71.28,103.03,95.8,72.68,0.0,0.0,73.87,109.13,95.02,90.88,0.0,0.0,0.0,74.9,110.33,105.0,85.02,88.83,0.0,0.0,65.81,97.08,95.85,88.87,71.48,0.0,0.0,79.82,60.98,112.48,93.01,78.02,0.0,0.0,71.71,99.59,107.6,100.69,67.18,0.0,0.0,88.94,77.09,95.73,81.53,50.2,0.0,0.0,0.0,0.0,126.22,81.93,89.36,0.0,0.0,100.83,93.49,104.21,113.15,68.29,0.0,0.0,112.86,68.47,0.0,0.0,0.0,0.0,0.0,0.0,0.0,90.3,106.23,0.0,0.0,0.0,70.09,96.28,88.37,99.67,0.0,0.0,0.0,0.0,105.17,114.11,92.05,0.0,0.0,0.0,93.03,80.35,141.74,110.11,0.0,0.0,0.0,91.46,113.73,117.93,112.84,0.0,0.0,0.0,0.0,97.46,130.74,116.38,0.0,0.0,0.0,0.0,131.9,114.69,114.97,0.0,0.0,0.0,114.94,132.33,136.34,0.0,0.0,0.0,0.0,107.93,110.99,150.62,140.86,0.0,0.0,0.0,116.88,111.0,131.41,128.82,0.0,0.0,0.0,0.0,118.15,147.91,0.0,0.0,0.0,0.0,95.55,167.14,142.91,0.0,0.0,0.0,0.0,0.0,0.0,0.0,0.0,0.0,0.0,0.0,115.85,145.88,153.25,0.0,0.0,0.0,0.0,137.26,145.22,140.07,166.85,0.0,0.0,0.0,0.0,147.68,178.12,156.81,0.0,0.0,0.0,143.86,159.89,151.69,115.94,0.0,0.0,0.0,0.0,128.71,0.0,120.56,0.0,0.0,0.0,0.0,140.19,126.64,143.0,0.0,0.0,0.0,0.0,146.45,173.58,0.0
Other,0.0,0.0,6.43,2.31,5.23,0.0,0.0,0.0,0.0,0.0,0.0,8.38,9.12,0.0,0.0,0.0,7.43,10.86,16.03,11.95,0.0,0.0,0.0,8.59,3.81,6.76,15.8,12.21,0.0,0.0,2.57,7.53,8.71,0.0,0.0,0.0,0.0,1.07,10.55,13.83,3.83,4.7,0.0,0.0,8.03,12.95,0.92,3.88,2.45,0.0,0.0,0.0,3.62,0.0,10.37,1.39,0.0,0.0,6.61,7.03,10.21,2.74,3.24,0.0,0.0,0.0,0.63,3.61,9.01,4.7,0.0,0.0,0.63,3.62,2.32,12.61,0.34,0.0,0.0,5.37,4.46,1.37,9.32,9.48,0.0,0.0,0.0,3.08,7.31,10.78,3.79,0.0,0.0,6.2,1.67,8.36,10.41,0.0,0.0,6.5,3.66,2.94,4.35,0.0,2.92,0.0,3.15,10.22,6.06,6.85,1.45,2.54,0.0,9.69,5.76,8.55,5.11,1.97,0.0,0.0,0.0,4.41,7.48,3.64,0.0,1.16,5.23,0.89,0.0,3.22,2.5,4.44,2.93,0.0,0.0,3.77,6.66,0.0,10.21,0.0,0.0,0.0,5.08,3.41,7.8,4.1,1.44,0.0,0.0,0.46,3.31,0.0,4.13,5.71,0.0,0.0,9.01,5.69,6.2,11.63,0.0,0.0,0.0,9.77,6.94,0.23,16.99,3.11,0.0,0.0,5.09,8.25,1.23,6.8,3.81,0.0,0.0,0.0,0.0,4.01,4.57,8.28,0.0,0.0,5.5,1.94,5.79,1.13,2.37,0.0,0.0,11.12,3.49,0.0,0.0,0.0,0.0,0.0,0.0,0.0,6.83,3.41,0.0,0.0,0.0,7.13,7.64,6.67,9.51,0.0,0.0,0.0,0.0,2.13,2.64,9.03,0.0,0.0,0.0,2.13,0.67,9.49,1.08,0.0,0.0,0.0,8.9,5.36,0.0,5.86,0.0,0.0,0.0,0.0,2.86,5.71,5.32,0.0,0.0,0.0,0.0,0.0,9.22,5.32,0.0,0.0,0.0,10.72,5.54,4.03,0.0,0.0,0.0,0.0,0.5,3.47,10.71,0.0,0.0,0.0,0.0,7.36,11.81,2.94,0.0,0.0,0.0,0.0,0.0,9.86,4.84,0.0,0.0,0.0,0.0,9.69,4.6,1.13,0.0,0.0,0.0,0.0,0.0,0.0,0.0,0.0,0.0,0.0,0.0,0.87,5.33,9.05,0.0,0.0,0.0,0.0,2.33,1.74,5.03,0.0,0.0,0.0,0.0,0.0,15.84,0.18,1.93,0.0,0.0,0.0,7.33,0.53,12.01,1.78,0.0,0.0,0.0,0.0,11.12,0.0,12.82,0.0,0.0,0.0,0.0,11.52,6.56,9.19,0.0,0.0,0.0,0.0,4.99,12.21,0.0
Gift Card,0.0,0.0,4.25,5.12,4.74,5.62,0.0,0.0,0.0,5.64,0.0,5.25,4.08,0.0,0.0,0.0,6.73,4.25,6.04,5.29,0.0,0.0,0.0,3.42,5.35,5.2,4.51,4.03,0.0,0.0,2.97,6.36,4.66,6.15,0.0,0.0,0.0,5.58,5.18,4.92,3.82,3.26,0.0,0.0,4.01,2.95,4.3,5.36,4.55,0.0,0.0,4.03,3.08,4.36,5.65,3.36,0.0,0.0,2.62,5.35,3.92,2.8,3.27,0.0,0.0,2.93,4.23,3.35,3.19,4.92,0.0,0.0,2.4,4.5,4.75,6.3,3.06,0.0,0.0,4.37,5.03,4.75,3.53,2.74,0.0,0.0,3.79,3.23,4.68,5.3,3.14,0.0,0.0,4.57,2.92,3.65,3.73,2.52,0.0,2.87,4.13,4.35,5.22,4.96,3.83,0.0,3.16,3.06,3.55,3.13,2.39,3.26,0.0,3.49,2.79,4.23,4.68,1.74,3.39,0.0,0.0,2.41,2.78,3.86,3.06,2.13,3.51,4.01,0.0,2.49,4.28,3.34,2.07,0.0,0.0,1.94,4.7,3.35,2.81,0.0,0.0,0.0,3.6,3.92,5.07,2.17,2.58,0.0,0.0,2.39,3.99,3.75,3.3,2.19,0.0,0.0,2.5,2.46,4.97,4.04,3.27,0.0,0.0,2.93,4.32,4.99,4.33,2.94,0.0,0.0,4.07,2.68,3.57,2.74,2.01,0.0,0.0,0.0,0.0,3.95,3.52,3.08,0.0,0.0,2.84,3.67,4.9,3.51,1.89,0.0,0.0,5.45,1.89,0.0,0.0,0.0,0.0,0.0,0.0,0.0,3.22,3.14,0.0,0.0,0.0,2.22,4.6,2.61,2.85,0.0,0.0,0.0,0.0,4.72,3.35,2.96,0.0,0.0,0.0,2.61,2.13,5.19,3.51,0.0,0.0,0.0,3.09,5.27,3.55,3.6,0.0,0.0,0.0,0.0,4.16,3.37,3.73,0.0,0.0,0.0,0.0,6.08,3.43,4.67,0.0,0.0,0.0,4.52,4.05,5.27,0.0,0.0,0.0,0.0,3.37,4.36,6.07,4.36,0.0,0.0,0.0,3.9,3.54,5.83,5.63,0.0,0.0,0.0,0.0,4.1,4.64,0.0,0.0,0.0,0.0,3.31,5.97,6.2,0.0,0.0,0.0,0.0,0.0,0.0,0.0,0.0,0.0,0.0,0.0,3.71,5.61,4.8,0.0,0.0,0.0,0.0,4.99,5.51,6.45,7.38,0.0,0.0,0.0,0.0,6.33,5.11,5.44,0.0,0.0,0.0,5.16,6.31,4.21,3.8,0.0,0.0,0.0,0.0,5.93,0.0,5.11,0.0,0.0,0.0,0.0,5.36,3.36,4.92,0.0,0.0,0.0,0.0,4.12,5.36,0.0
Fees,0.0,0.0,3.58,3.54,3.64,4.29,0.0,0.0,0.0,4.15,0.0,4.78,3.43,0.0,0.0,0.0,4.33,3.99,4.33,4.02,0.0,0.0,0.0,3.53,4.05,4.33,2.97,4.04,0.0,0.0,3.32,3.88,4.9,4.01,0.0,0.0,0.0,3.76,3.19,4.23,4.13,2.37,0.0,0.0,3.76,3.2,3.43,3.6,3.51,0.0,0.0,3.85,3.28,3.72,3.57,3.16,0.0,0.0,2.75,3.34,4.16,3.08,2.78,0.0,0.0,3.38,3.38,3.6,3.23,3.51,0.0,0.0,2.69,4.48,3.02,4.01,2.52,0.0,0.0,2.81,4.04,3.74,2.71,2.91,0.0,0.0,3.27,3.13,3.91,3.56,2.77,0.0,0.0,2.98,2.49,3.21,2.98,2.53,0.0,2.57,2.92,3.75,3.62,3.36,2.91,0.0,2.85,3.01,2.98,2.83,2.64,2.49,0.0,2.41,3.2,2.89,3.07,1.93,2.63,0.0,0.0,2.8,2.61,3.35,2.8,2.36,2.19,3.0,0.0,2.14,3.09,2.87,2.18,0.0,0.0,2.22,3.27,2.85,2.73,0.0,0.0,0.0,2.25,3.31,3.15,2.55,2.66,0.0,0.0,1.97,2.91,2.88,2.67,2.14,0.0,0.0,2.39,1.83,3.37,2.79,2.34,0.0,0.0,2.15,2.99,3.23,3.02,2.02,0.0,0.0,2.67,2.31,2.87,2.45,1.51,0.0,0.0,0.0,0.0,3.79,2.46,2.68,0.0,0.0,3.02,2.8,3.13,3.39,2.05,0.0,0.0,3.39,2.05,0.0,0.0,0.0,0.0,0.0,0.0,0.0,2.71,3.19,0.0,0.0,0.0,2.1,2.89,2.65,2.99,0.0,0.0,0.0,0.0,3.15,3.42,2.76,0.0,0.0,0.0,2.79,2.41,4.25,3.3,0.0,0.0,0.0,2.74,3.41,3.54,3.39,0.0,0.0,0.0,0.0,2.92,3.92,3.49,0.0,0.0,0.0,0.0,3.96,3.44,3.45,0.0,0.0,0.0,3.45,3.97,4.09,0.0,0.0,0.0,0.0,3.24,3.33,4.52,4.23,0.0,0.0,0.0,3.51,3.33,3.94,3.86,0.0,0.0,0.0,0.0,3.54,4.44,0.0,0.0,0.0,0.0,2.87,5.01,4.29,0.0,0.0,0.0,0.0,0.0,0.0,0.0,0.0,0.0,0.0,0.0,3.48,4.38,4.6,0.0,0.0,0.0,0.0,4.12,4.36,4.2,5.01,0.0,0.0,0.0,0.0,4.43,5.34,4.7,0.0,0.0,0.0,4.32,4.8,4.55,3.48,0.0,0.0,0.0,0.0,3.86,0.0,3.62,0.0,0.0,0.0,0.0,4.21,3.8,4.29,0.0,0.0,0.0,0.0,4.39,5.21,0.0
Net Total,0.0,0.0,177.24,171.5,180.59,213.71,0.0,0.0,0.0,190.38,0.0,226.47,165.74,0.0,0.0,0.0,212.37,190.79,220.34,203.34,0.0,0.0,0.0,167.72,191.45,202.72,153.9,203.54,0.0,0.0,154.7,195.27,233.48,188.28,0.0,0.0,0.0,175.41,160.58,205.94,191.15,116.19,0.0,0.0,181.22,159.27,171.27,170.51,164.32,0.0,0.0,187.53,155.98,174.32,180.31,153.34,0.0,0.0,130.04,166.64,192.88,144.14,135.87,0.0,0.0,160.8,159.37,164.57,152.43,162.69,0.0,0.0,125.65,209.33,144.9,198.59,121.06,0.0,0.0,138.34,195.23,172.6,135.38,145.19,0.0,0.0,151.87,147.88,183.42,172.89,129.26,0.0,0.0,146.99,116.96,150.84,145.01,119.84,0.0,123.66,145.06,171.85,172.29,158.98,143.32,0.0,132.54,142.35,142.35,139.74,120.78,116.75,0.0,121.93,147.06,143.12,149.04,92.05,119.56,0.0,0.0,131.35,127.32,154.49,126.41,113.63,106.95,138.77,0.0,103.03,150.86,137.79,104.48,0.0,0.0,105.49,159.23,133.62,136.37,0.0,0.0,0.0,109.73,162.33,155.44,119.0,128.21,0.0,0.0,93.16,134.31,137.74,131.31,102.7,0.0,0.0,122.16,89.02,165.93,135.42,110.25,0.0,0.0,108.06,143.02,151.92,150.62,98.7,0.0,0.0,127.52,116.59,134.71,118.92,74.49,0.0,0.0,0.0,0.0,176.98,119.21,133.69,0.0,0.0,141.86,130.82,151.16,159.37,95.69,0.0,0.0,168.92,94.14,0.0,0.0,0.0,0.0,0.0,0.0,0.0,133.56,159.53,0.0,0.0,0.0,102.2,140.16,126.64,143.85,0.0,0.0,0.0,0.0,154.85,162.53,142.83,0.0,0.0,0.0,131.1,113.21,200.07,150.84,0.0,0.0,0.0,136.37,159.59,165.3,161.55,0.0,0.0,0.0,0.0,136.95,182.42,173.3,0.0,0.0,0.0,0.0,189.39,167.05,165.69,0.0,0.0,0.0,169.29,190.91,191.55,0.0,0.0,0.0,0.0,160.79,166.32,221.3,196.8,0.0,0.0,0.0,170.98,162.86,194.09,186.48,0.0,0.0,0.0,0.0,176.08,202.82,0.0,0.0,0.0,0.0,135.93,238.16,201.54,0.0,0.0,0.0,0.0,0.0,0.0,0.0,0.0,0.0,0.0,0.0,158.68,204.66,220.42,0.0,0.0,0.0,0.0,196.96,208.43,200.94,238.46,0.0,0.0,0.0,0.0,226.08,246.57,227.85,0.0,0.0,0.0,198.99,217.75,216.99,171.42,0.0,0.0,0.0,0.0,200.17,0.0,178.81,0.0,0.0,0.0,0.0,201.42,178.8,211.09,0.0,0.0,0.0,0.0,216.11,272.98,0.0
