Sales,4/1/2023,4/2/2023,4/3/2023,4/4/2023,4/5/2023,4/6/2023,4/7/2023,4/8/2023,4/9/2023,4/10/2023,4/11/2023,4/12/2023,4/13/2023,4/14/2023,4/15/2023,4/16/2023,4/17/2023,4/18/2023,4/19/2023,4/20/2023,4/21/2023,4/22/2023,4/23/2023,4/24/2023,4/25/2023,4/26/2023,4/27/2023,4/28/2023,4/29/2023,4/30/2023,5/1/2023,5/2/2023,5/3/2023,5/4/2023,5/5/2023,5/6/2023,5/7/2023,5/8/2023,5/9/2023,5/10/2023,5/11/2023,5/12/2023,5/13/2023,5/14/2023,5/15/2023,5/16/2023,5/17/2023,5/18/2023,5/19/2023,5/20/2023,5/21/2023,5/22/2023,5/23/2023,5/24/2023,5/25/2023,5/26/2023,5/27/2023,5/28/2023,5/29/2023,5/30/2023,5/31/2023,6/1/2023,6/2/2023,6/3/2023,6/4/2023,6/5/2023,6/6/2023,6/7/2023,6/8/2023,6/9/2023,6/10/2023,6/11/2023,6/12/2023,6/13/2023,6/14/2023,6/15/2023,6/16/2023,6/17/2023,6/18/2023,6/19/2023,6/20/2023,6/21/2023,6/22/2023,6/23/2023,6/24/2023,6/25/2023,6/26/2023,6/27/2023,6/28/2023,6/29/2023,6/30/2023,7/1/2023,7/2/2023,7/3/2023,7/4/2023,7/5/2023,7/6/2023,7/7/2023,7/8/2023,7/9/2023,7/10/2023,7/11/2023,7/12/2023,7/13/2023,7/14/2023,7/15/2023,7/16/2023,7/17/2023,7/18/2023,7/19/2023,7/20/2023,7/21/2023,7/22/2023,7/23/2023,7/24/2023,7/25/2023,7/26/2023,7/27/2023,7/28/2023,7/29/2023,7/30/2023,7/31/2023,8/1/2023,8/2/2023,8/3/2023,8/4/2023,8/5/2023,8/6/2023,8/7/2023,8/8/2023,8/9/2023,8/10/2023,8/11/2023,8/12/2023,8/13/2023,8/14/2023,8/15/2023,8/16/2023,8/17/2023,8/18/2023,8/19/2023,8/20/2023,8/21/2023,8/22/2023,8/23/2023,8/24/2023,8/25/2023,8/26/2023,8/27/2023,8/28/2023,8/29/2023,8/30/2023,8/31/2023,9/1/2023,9/2/2023,9/3/2023,9/4/2023,9/5/2023,9/6/2023,9/7/2023,9/8/2023,9/9/2023,9/10/2023,9/11/2023,9/12/2023,9/13/2023,9/14/2023,9/15/2023,9/16/2023,9/17/2023,9/18/2023,9/19/2023,9/20/2023,9/21/2023,9/22/2023,9/23/2023,9/24/2023,9/25/2023,9/26/2023,9/27/2023,9/28/2023,9/29/2023,9/30/2023,10/1/2023,10/2/2023,10/3/2023,10/4/2023,10/5/2023,10/6/2023,10/7/2023,10/8/2023,10/9/2023,10/10/2023,10/11/2023,10/12/2023,10/13/2023,10/14/2023,10/15/2023,10/16/2023,10/17/2023,10/18/2023,10/19/2023,10/20/2023,10/21/2023,10/22/2023,10/23/2023,10/24/2023,10/25/2023,10/26/2023,10/27/2023,10/28/2023,10/29/2023,10/30/2023,10/31/2023,11/1/2023,11/2/2023,11/3/2023,11/4/2023,11/5/2023,11/6/2023,11/7/2023,11/8/2023,11/9/2023,11/10/2023,11/11/2023,11/12/2023,11/13/2023,11/14/2023,11/15/2023,11/16/2023,11/17/2023,11/18/2023,11/19/2023,11/20/2023,11/21/2023,11/22/2023,11/23/2023,11/24/2023,11/25/2023,11/26/2023,11/27/2023,11/28/2023,11/29/2023,11/30/2023,12/1/2023,12/2/2023,12/3/2023,12/4/2023,12/5/2023,12/6/2023,12/7/2023,12/8/2023,12/9/2023,12/10/2023,12/11/2023,12/12/2023,12/13/2023,12/14/2023,12/15/2023,12/16/2023,12/17/2023,12/18/2023,12/19/2023,12/20/2023,12/21/2023,12/22/2023,12/23/2023,12/24/2023,12/25/2023,12/26/2023,12/27/2023,12/28/2023,12/29/2023,12/30/2023,12/31/2023,1/1/2024,1/2/2024,1/3/2024,1/4/2024,1/5/2024,1/6/2024,1/7/2024,1/8/2024,1/9/2024,1/10/2024,1/11/2024,1/12/2024,1/13/2024,1/14/2024,1/15/2024,1/16/2024,1/17/2024,1/18/2024,1/19/2024,1/20/2024,1/21/2024,1/22/2024,1/23/2024,1/24/2024,1/25/2024,1/26/2024,1/27/2024,1/28/2024,1/29/2024,1/30/2024,1/31/2024,2/1/2024,2/2/2024,2/3/2024,2/4/2024,2/5/2024,2/6/2024,2/7/2024,2/8/2024,2/9/2024,2/10/2024,2/11/2024,2/12/2024,2/13/2024,2/14/2024,2/15/2024,2/16/2024,2/17/2024,2/18/2024,2/19/2024,2/20/2024,2/21/2024,2/22/2024,2/23/2024,2/24/2024,2/25/2024,2/26/2024,2/27/2024,2/28/2024,2/29/2024,3/1/2024,3/2/2024,3/3/2024,3/4/2024,3/5/2024,3/6/2024,3/7/2024,3/8/2024,3/9/2024,3/10/2024,3/11/2024,3/12/2024,3/13/2024,3/14/2024,3/15/2024,3/16/2024,3/17/2024,3/18/2024,3/19/2024,3/20/2024,3/21/2024,3/22/2024,3/23/2024,3/24/2024,3/25/2024,3/26/2024,3/27/2024,3/28/2024,3/29/2024,3/30/2024,3/31/2024,4/1/2024,4/2/2024
Gross Sales,0.0,0.0,0.0,0.0,0.0,180.96,207.03,250.12,0.0,0.0,0.0,201.6,199.64,185.89,221.76,225.68,0.0,0.0,155.87,170.3,165.68,215.02,185.3,185.58,0.0,185.43,143.58,187.29,215.29,208.32,0.0,0.0,166.68,172.57,214.24,197.03,201.74,0.0,0.0,179.3,186.16,191.07,184.91,199.69,194.9,143.22,193.66,182.0,173.13,242.56,208.47,0.0,0.0,183.67,171.47,194.02,198.18,202.01,0.0,0.0,171.72,161.38,178.53,171.76,173.15,150.87,0.0,185.06,139.84,155.81,202.35,140.89,0.0,0.0,0.0,173.87,159.93,177.82,169.72,0.0,0.0,147.2,162.48,159.07,176.32,148.12,0.0,0.0,170.97,163.57,156.22,188.49,158.48,0.0,139.36,155.05,121.14,158.91,138.11,120.97,0.0,0.0,142.53,185.8,131.66,154.66,160.53,0.0,0.0,131.26,151.74,154.16,142.8,151.17,0.0,0.0,136.73,117.61,159.52,163.39,151.11,0.0,121.63,89.23,109.07,144.54,114.86,163.09,82.3,136.04,109.1,143.97,137.46,124.0,168.68,142.65,117.61,118.16,123.43,113.68,174.03,131.59,111.49,101.58,109.61,99.86,156.32,148.05,160.17,0.0,102.43,114.53,113.12,130.88,143.02,134.57,83.5,99.73,153.41,0.0,109.69,157.11,168.47,82.05,111.77,108.41,89.4,145.67,150.59,142.69,0.0,125.79,111.17,122.55,110.18,128.14,169.19,102.91,124.04,122.8,118.28,123.88,166.79,138.58,112.0,120.78,149.15,142.95,144.04,145.5,119.58,136.6,142.36,125.67,143.09,155.01,176.48,168.78,0.0,156.65,106.88,152.96,152.81,181.01,0.0,154.3,107.16,101.86,156.05,126.59,167.4,175.1,0.0,0.0,0.0,144.98,146.51,173.01,145.56,0.0,0.0,0.0,115.82,166.53,175.98,176.07,0.0,0.0,0.0,136.19,165.51,166.71,180.39,0.0,0.0,0.0,0.0,0.0,187.78,149.44,0.0,0.0,0.0,166.78,166.82,217.17,0.0,0.0,0.0,0.0,104.95,167.73,226.66,0.0,0.0,0.0,0.0,179.89,185.26,204.35,0.0,0.0,0.0,0.0,161.21,200.44,197.28,0.0,0.0,0.0,0.0,161.07,0.0,246.64,0.0,0.0,0.0,0.0,198.63,199.83,0.0,190.79,0.0,0.0,0.0,0.0,0.0,258.69,206.49,0.0,0.0,0.0,223.27,229.8,245.87,224.81,0.0,0.0,0.0,209.04,246.41,247.91,225.6,0.0,0.0,0.0,222.29,220.64,233.22,207.73,0.0,0.0,0.0,210.61,218.05,245.91,200.92,0.0,0.0,0.0,202.23,237.29,277.85,229.91,0.0,0.0,0.0,199.83,237.06,290.17,233.04,0.0,0.0,0.0,196.14,206.11,276.45,220.95,0.0,0.0,0.0,234.38,270.41,246.63,228.08,0.0,0.0,0.0,243.1,210.48,233.04,229.9,0.0,0.0,0.0,228.91,223.34,249.43,244.02,0.0,0.0,0.0,234.0,229.56,213.86,0.0,0.0,0.0
Items,0.0,0.0,0.0,0.0,0.0,140.43,160.65,194.09,0.0,0.0,0.0,156.44,154.92,144.25,172.09,175.12,0.0,0.0,120.96,132.15,128.57,166.86,143.8,144.01,0.0,143.9,111.42,145.33,167.07,161.65,0.0,0.0,129.34,133.91,166.25,152.9,156.55,0.0,0.0,139.14,144.46,148.27,143.49,154.96,151.24,111.14,150.28,141.23,134.35,188.23,161.77,0.0,0.0,142.53,133.06,150.56,153.79,156.76,0.0,0.0,133.26,125.23,138.54,133.29,134.36,117.07,0.0,143.61,108.52,120.91,157.02,109.33,0.0,0.0,0.0,134.93,124.11,137.98,131.7,0.0,0.0,114.22,126.08,123.44,136.83,114.94,0.0,0.0,132.67,126.93,121.22,146.27,122.98,0.0,108.14,120.32,94.0,123.32,107.18,93.87,0.0,0.0,110.6,144.18,102.17,120.02,124.57,0.0,0.0,101.86,117.75,119.62,110.81,117.31,0.0,0.0,106.1,91.26,123.79,126.79,117.26,0.0,94.38,69.24,84.64,112.17,89.13,126.56,63.87,105.56,84.66,111.72,106.67,96.22,130.9,110.7,91.27,91.69,95.78,88.21,135.04,102.11,86.52,78.82,85.06,77.49,121.3,114.89,124.29,0.0,79.49,88.88,87.78,101.56,110.98,104.43,64.79,77.39,119.04,0.0,85.12,121.92,130.73,63.67,86.73,84.12,69.38,113.04,116.86,110.73,0.0,97.61,86.27,95.1,85.5,99.44,131.29,79.86,96.25,95.29,91.79,96.13,129.43,107.54,86.91,93.73,115.74,110.93,111.77,112.91,92.79,106.0,110.47,97.52,111.04,120.29,136.95,130.97,0.0,121.56,82.94,118.7,118.58,140.46,0.0,119.74,83.16,79.04,121.1,98.23,129.9,135.88,0.0,0.0,0.0,112.5,113.69,134.26,112.96,0.0,0.0,0.0,89.88,129.23,136.56,136.63,0.0,0.0,0.0,105.68,128.43,129.37,139.98,0.0,0.0,0.0,0.0,0.0,145.71,115.96,0.0,0.0,0.0,129.42,129.45,168.52,0.0,0.0,0.0,0.0,81.44,130.16,175.89,0.0,0.0,0.0,0.0,139.59,143.76,158.58,0.0,0.0,0.0,0.0,125.1,155.54,153.09,0.0,0.0,0.0,0.0,124.99,0.0,191.39,0.0,0.0,0.0,0.0,154.14,155.07,0.0,148.05,0.0,0.0,0.0,0.0,0.0,200.74,160.24,0.0,0.0,0.0,173.26,178.32,190.8,174.45,0.0,0.0,0.0,162.21,191.22,192.38,175.06,0.0,0.0,0.0,172.5,171.22,180.98,161.2,0.0,0.0,0.0,163.43,169.2,190.82,155.91,0.0,0.0,0.0,156.93,184.14,215.61,178.41,0.0,0.0,0.0,155.06,183.96,225.17,180.84,0.0,0.0,0.0,152.2,159.94,214.52,171.46,0.0,0.0,0.0,181.88,209.84,191.39,176.99,0.0,0.0,0.0,188.64,163.33,180.84,178.4,0.0,0.0,0.0,177.64,173.31,193.56,189.36,0.0,0.0,0.0,181.58,178.14,165.95,0.0,0.0,0.0
Service Charges,0.0,0.0,0.0,0.0,0.0,3.62,4.14,5.0,0.0,0.0,0.0,4.03,3.99,3.72,4.44,4.51,0.0,0.0,3.12,3.41,3.31,4.3,3.71,3.71,0.0,3.71,2.87,3.75,4.31,4.17,0.0,0.0,3.33,3.45,4.28,3.94,4.03,0.0,0.0,3.59,3.72,3.82,3.7,3.99,3.9,2.86,3.87,3.64,3.46,4.85,4.17,0.0,0.0,3.67,3.43,3.88,3.96,4.04,0.0,0.0,3.43,3.23,3.57,3.44,3.46,3.02,0.0,3.7,2.8,3.12,4.05,2.82,0.0,0.0,0.0,3.48,3.2,3.56,3.39,0.0,0.0,2.94,3.25,3.18,3.53,2.96,0.0,0.0,3.42,3.27,3.12,3.77,3.17,0.0,2.79,3.1,2.42,3.18,2.76,2.42,0.0,0.0,2.85,3.72,2.63,3.09,3.21,0.0,0.0,2.63,3.03,3.08,2.86,3.02,0.0,0.0,2.73,2.35,3.19,3.27,3.02,0.0,2.43,1.78,2.18,2.89,2.3,3.26,1.65,2.72,2.18,2.88,2.75,2.48,3.37,2.85,2.35,2.36,2.47,2.27,3.48,2.63,2.23,2.03,2.19,2.0,3.13,2.96,3.2,0.0,2.05,2.29,2.26,2.62,2.86,2.69,1.67,1.99,3.07,0.0,2.19,3.14,3.37,1.64,2.24,2.17,1.79,2.91,3.01,2.85,0.0,2.52,2.22,2.45,2.2,2.56,3.38,2.06,2.48,2.46,2.37,2.48,3.34,2.77,2.24,2.42,2.98,2.86,2.88,2.91,2.39,2.73,2.85,2.51,2.86,3.1,3.53,3.38,0.0,3.13,2.14,3.06,3.06,3.62,0.0,3.09,2.14,2.04,3.12,2.53,3.35,3.5,0.0,0.0,0.0,2.9,2.93,3.46,2.91,0.0,0.0,0.0,2.32,3.33,3.52,3.52,0.0,0.0,0.0,2.72,3.31,3.33,3.61,0.0,0.0,0.0,0.0,0.0,3.76,2.99,0.0,0.0,0.0,3.34,3.34,4.34,0.0,0.0,0.0,0.0,2.1,3.35,4.53,0.0,0.0,0.0,0.0,3.6,3.71,4.09,0.0,0.0,0.0,0.0,3.22,4.01,3.95,0.0,0.0,0.0,0.0,3.22,0.0,4.93,0.0,0.0,0.0,0.0,3.97,4.0,0.0,3.82,0.0,0.0,0.0,0.0,0.0,5.17,4.13,0.0,0.0,0.0,4.47,4.6,4.92,4.5,0.0,0.0,0.0,4.18,4.93,4.96,4.51,0.0,0.0,0.0,4.45,4.41,4.66,4.15,0.0,0.0,0.0,4.21,4.36,4.92,4.02,0.0,0.0,0.0,4.04,4.75,5.56,4.6,0.0,0.0,0.0,4.0,4.74,5.8,4.66,0.0,0.0,0.0,3.92,4.12,5.53,4.42,0.0,0.0,0.0,4.69,5.41,4.93,4.56,0.0,0.0,0.0,4.86,4.21,4.66,4.6,0.0,0.0,0.0,4.58,4.47,4.99,4.88,0.0,0.0,0.0,4.68,4.59,4.28,0.0,0.0,0.0
Returns,-0.0,-0.0,-0.0,-0.0,-0.0,-1.81,-2.07,-2.5,-0.0,-0.0,-0.0,-2.02,-2.0,-1.86,-2.22,-2.26,-0.0,-0.0,-1.56,-1.7,-1.66,-2.15,-1.85,-1.86,-0.0,-1.85,-1.44,-1.87,-2.15,-2.08,-0.0,-0.0,-1.67,-1.73,-2.14,-1.97,-2.02,-0.0,-0.0,-1.79,-1.86,-1.91,-1.85,-2.0,-1.95,-1.43,-1.94,-1.82,-1.73,-2.43,-2.08,-0.0,-0.0,-1.84,-1.71,-1.94,-1.98,-2.02,-0.0,-0.0,-1.72,-1.61,-1.79,-1.72,-1.73,-1.51,-0.0,-1.85,-1.4,-1.56,-2.02,-1.41,-0.0,-0.0,-0.0,-1.74,-1.6,-1.78,-1.7,-0.0,-0.0,-1.47,-1.62,-1.59,-1.76,-1.48,-0.0,-0.0,-1.71,-1.64,-1.56,-1.88,-1.58,-0.0,-1.39,-1.55,-1.21,-1.59,-1.38,-1.21,-0.0,-0.0,-1.43,-1.86,-1.32,-1.55,-1.61,-0.0,-0.0,-1.31,-1.52,-1.54,-1.43,-1.51,-0.0,-0.0,-1.37,-1.18,-1.6,-1.63,-1.51,-0.0,-1.22,-0.89,-1.09,-1.45,-1.15,-1.63,-0.82,-1.36,-1.09,-1.44,-1.37,-1.24,-1.69,-1.43,-1.18,-1.18,-1.23,-1.14,-1.74,-1.32,-1.11,-1.02,-1.1,-1.0,-1.56,-1.48,-1.6,-0.0,-1.02,-1.15,-1.13,-1.31,-1.43,-1.35,-0.83,-1.0,-1.53,-0.0,-1.1,-1.57,-1.68,-0.82,-1.12,-1.08,-0.89,-1.46,-1.51,-1.43,-0.0,-1.26,-1.11,-1.23,-1.1,-1.28,-1.69,-1.03,-1.24,-1.23,-1.18,-1.24,-1.67,-1.39,-1.12,-1.21,-1.49,-1.43,-1.44,-1.46,-1.2,-1.37,-1.42,-1.26,-1.43,-1.55,-1.76,-1.69,-0.0,-1.57,-1.07,-1.53,-1.53,-1.81,-0.0,-1.54,-1.07,-1.02,-1.56,-1.27,-1.67,-1.75,-0.0,-0.0,-0.0,-1.45,-1.47,-1.73,-1.46,-0.0,-0.0,-0.0,-1.16,-1.67,-1.76,-1.76,-0.0,-0.0,-0.0,-1.36,-1.66,-1.67,-1.8,-0.0,-0.0,-0.0,-0.0,-0.0,-1.88,-1.49,-0.0,-0.0,-0.0,-1.67,-1.67,-2.17,-0.0,-0.0,-0.0,-0.0,-1.05,-1.68,-2.27,-0.0,-0.0,-0.0,-0.0,-1.8,-1.85,-2.04,-0.0,-0.0,-0.0,-0.0,-1.61,-2.0,-1.97,-0.0,-0.0,-0.0,-0.0,-1.61,-0.0,-2.47,-0.0,-0.0,-0.0,-0.0,-1.99,-2.0,-0.0,-1.91,-0.0,-0.0,-0.0,-0.0,-0.0,-2.59,-2.06,-0.0,-0.0,-0.0,-2.23,-2.3,-2.46,-2.25,-0.0,-0.0,-0.0,-2.09,-2.46,-2.48,-2.26,-0.0,-0.0,-0.0,-2.22,-2.21,-2.33,-2.08,-0.0,-0.0,-0.0,-2.11,-2.18,-2.46,-2.01,-0.0,-0.0,-0.0,-2.02,-2.37,-2.78,-2.3,-0.0,-0.0,-0.0,-2.0,-2.37,-2.9,-2.33,-0.0,-0.0,-0.0,-1.96,-2.06,-2.76,-2.21,-0.0,-0.0,-0.0,-2.34,-2.7,-2.47,-2.28,-0.0,-0.0,-0.0,-2.43,-2.1,-2.33,-2.3,-0.0,-0.0,-0.0,-2.29,-2.23,-2.49,-2.44,-0.0,-0.0,-0.0,-2.34,-2.3,-2.14,-0.0,-0.0,-0.0
Discounts & Comps,-0.0,-0.0,-0.0,-0.0,-0.0,-7.24,-8.28,-10.0,-0.0,-0.0,-0.0,-8.06,-7.99,-7.44,-8.87,-9.03,-0.0,-0.0,-6.23,-6.81,-6.63,-8.6,-7.41,-7.42,-0.0,-7.42,-5.74,-7.49,-8.61,-8.33,-0.0,-0.0,-6.67,-6.9,-8.57,-7.88,-8.07,-0.0,-0.0,-7.17,-7.45,-7.64,-7.4,-7.99,-7.8,-5.73,-7.75,-7.28,-6.93,-9.7,-8.34,-0.0,-0.0,-7.35,-6.86,-7.76,-7.93,-8.08,-0.0,-0.0,-6.87,-6.46,-7.14,-6.87,-6.93,-6.03,-0.0,-7.4,-5.59,-6.23,-8.09,-5.64,-0.0,-0.0,-0.0,-6.95,-6.4,-7.11,-6.79,-0.0,-0.0,-5.89,-6.5,-6.36,-7.05,-5.92,-0.0,-0.0,-6.84,-6.54,-6.25,-7.54,-6.34,-0.0,-5.57,-6.2,-4.85,-6.36,-5.52,-4.84,-0.0,-0.0,-5.7,-7.43,-5.27,-6.19,-6.42,-0.0,-0.0,-5.25,-6.07,-6.17,-5.71,-6.05,-0.0,-0.0,-5.47,-4.7,-6.38,-6.54,-6.04,-0.0,-4.87,-3.57,-4.36,-5.78,-4.59,-6.52,-3.29,-5.44,-4.36,-5.76,-5.5,-4.96,-6.75,-5.71,-4.7,-4.73,-4.94,-4.55,-6.96,-5.26,-4.46,-4.06,-4.38,-3.99,-6.25,-5.92,-6.41,-0.0,-4.1,-4.58,-4.52,-5.24,-5.72,-5.38,-3.34,-3.99,-6.14,-0.0,-4.39,-6.28,-6.74,-3.28,-4.47,-4.34,-3.58,-5.83,-6.02,-5.71,-0.0,-5.03,-4.45,-4.9,-4.41,-5.13,-6.77,-4.12,-4.96,-4.91,-4.73,-4.96,-6.67,-5.54,-4.48,-4.83,-5.97,-5.72,-5.76,-5.82,-4.78,-5.46,-5.69,-5.03,-5.72,-6.2,-7.06,-6.75,-0.0,-6.27,-4.28,-6.12,-6.11,-7.24,-0.0,-6.17,-4.29,-4.07,-6.24,-5.06,-6.7,-7.0,-0.0,-0.0,-0.0,-5.8,-5.86,-6.92,-5.82,-0.0,-0.0,-0.0,-4.63,-6.66,-7.04,-7.04,-0.0,-0.0,-0.0,-5.45,-6.62,-6.67,-7.22,-0.0,-0.0,-0.0,-0.0,-0.0,-7.51,-5.98,-0.0,-0.0,-0.0,-6.67,-6.67,-8.69,-0.0,-0.0,-0.0,-0.0,-4.2,-6.71,-9.07,-0.0,-0.0,-0.0,-0.0,-7.2,-7.41,-8.17,-0.0,-0.0,-0.0,-0.0,-6.45,-8.02,-7.89,-0.0,-0.0,-0.0,-0.0,-6.44,-0.0,-9.87,-0.0,-0.0,-0.0,-0.0,-7.95,-7.99,-0.0,-7.63,-0.0,-0.0,-0.0,-0.0,-0.0,-10.35,-8.26,-0.0,-0.0,-0.0,-8.93,-9.19,-9.83,-8.99,-0.0,-0.0,-0.0,-8.36,-9.86,-9.92,-9.02,-0.0,-0.0,-0.0,-8.89,-8.83,-9.33,-8.31,-0.0,-0.0,-0.0,-8.42,-8.72,-9.84,-8.04,-0.0,-0.0,-0.0,-8.09,-9.49,-11.11,-9.2,-0.0,-0.0,-0.0,-7.99,-9.48,-11.61,-9.32,-0.0,-0.0,-0.0,-7.85,-8.24,-11.06,-8.84,-0.0,-0.0,-0.0,-9.38,-10.82,-9.87,-9.12,-0.0,-0.0,-0.0,-9.72,-8.42,-9.32,-9.2,-0.0,-0.0,-0.0,-9.16,-8.93,-9.98,-9.76,-0.0,-0.0,-0.0,-9.36,-9.18,-8.55,-0.0,-0.0,-0.0
Net Sales,0.0,0.0,0.0,0.0,0.0,175.54,200.82,242.61,0.0,0.0,0.0,195.55,193.65,180.32,215.11,218.9,0.0,0.0,151.2,165.19,160.71,208.57,179.74,180.02,0.0,179.87,139.27,181.67,208.84,202.07,0.0,0.0,161.68,167.39,207.81,191.12,195.69,0.0,0.0,173.92,180.58,185.34,179.37,193.7,189.05,138.93,187.85,176.54,167.94,235.28,202.22,0.0,0.0,178.16,166.32,188.2,192.23,195.95,0.0,0.0,166.57,156.54,173.17,166.61,167.95,146.34,0.0,179.51,135.64,151.14,196.28,136.67,0.0,0.0,0.0,168.66,155.13,172.48,164.63,0.0,0.0,142.78,157.6,154.3,171.03,143.67,0.0,0.0,165.84,158.66,151.53,182.83,153.73,0.0,135.18,150.4,117.51,154.15,133.97,117.34,0.0,0.0,138.25,180.23,127.71,150.02,155.71,0.0,0.0,127.32,147.19,149.53,138.51,146.64,0.0,0.0,132.63,114.08,154.74,158.49,146.57,0.0,117.98,86.55,105.8,140.21,111.41,158.2,79.84,131.95,105.82,139.65,133.33,120.28,163.62,138.37,114.08,114.61,119.72,110.27,168.8,127.64,108.14,98.53,106.33,96.87,151.63,143.61,155.36,0.0,99.36,111.1,109.73,126.95,138.73,130.54,80.99,96.74,148.81,0.0,106.4,152.4,163.41,79.59,108.42,105.16,86.72,141.3,146.08,138.41,0.0,122.01,107.84,118.88,106.88,124.3,164.12,99.83,120.32,119.12,114.74,120.17,161.79,134.42,108.64,117.16,144.68,138.66,139.72,141.14,115.99,132.5,138.09,121.9,138.8,150.36,171.19,163.71,0.0,151.95,103.68,148.37,148.23,175.58,0.0,149.67,103.95,98.8,151.37,122.79,162.38,169.85,0.0,0.0,0.0,140.63,142.12,167.82,141.19,0.0,0.0,0.0,112.35,161.53,170.7,170.79,0.0,0.0,0.0,132.11,160.54,161.71,174.98,0.0,0.0,0.0,0.0,0.0,182.14,144.95,0.0,0.0,0.0,161.78,161.82,210.65,0.0,0.0,0.0,0.0,101.81,162.7,219.86,0.0,0.0,0.0,0.0,174.49,179.7,198.22,0.0,0.0,0.0,0.0,156.38,194.43,191.36,0.0,0.0,0.0,0.0,156.23,0.0,239.24,0.0,0.0,0.0,0.0,192.67,193.83,0.0,185.06,0.0,0.0,0.0,0.0,0.0,250.93,200.3,0.0,0.0,0.0,216.57,222.9,238.5,218.06,0.0,0.0,0.0,202.77,239.02,240.47,218.83,0.0,0.0,0.0,215.62,214.02,226.22,201.49,0.0,0.0,0.0,204.29,211.5,238.53,194.89,0.0,0.0,0.0,196.16,230.17,269.52,223.01,0.0,0.0,0.0,193.83,229.95,281.47,226.05,0.0,0.0,0.0,190.25,199.93,268.16,214.32,0.0,0.0,0.0,227.35,262.3,239.23,221.24,0.0,0.0,0.0,235.81,204.16,226.05,223.01,0.0,0.0,0.0,222.05,216.64,241.95,236.7,0.0,0.0,0.0,226.98,222.67,207.44,0.0,0.0,0.0
Gift Card Sales,0.0,0.0,0.0,0.0,0.0,3.81,5.36,7.72,0.0,0.0,0.0,7.21,6.72,6.48,7.46,7.39,0.0,0.0,5.18,4.37,3.86,7.22,4.31,6.76,0.0,4.84,5.27,4.32,6.32,4.58,0.0,0.0,5.73,4.36,7.36,6.43,6.38,0.0,0.0,4.95,6.04,6.68,4.85,6.4,4.68,4.3,6.55,3.91,5.73,5.01,7.73,0.0,0.0,6.05,5.06,6.43,4.33,6.1,0.0,0.0,3.62,4.56,5.6,5.15,3.75,4.64,0.0,4.4,4.99,3.71,5.73,4.72,0.0,0.0,0.0,4.96,4.99,6.16,5.47,0.0,0.0,4.43,4.43,5.31,4.76,4.22,0.0,0.0,4.49,5.69,4.22,6.62,5.4,0.0,4.57,3.25,3.29,5.62,4.21,3.64,0.0,0.0,4.36,5.15,3.1,3.94,4.09,0.0,0.0,3.48,4.28,4.14,4.36,5.58,0.0,0.0,3.42,4.21,4.62,5.28,3.27,0.0,3.14,2.59,2.6,4.0,4.0,5.68,2.36,4.59,3.09,3.87,4.11,2.96,4.37,4.67,3.98,2.52,4.09,3.94,4.9,2.82,3.6,2.51,3.46,2.69,4.92,3.68,4.6,0.0,3.21,2.74,4.2,3.33,3.68,3.34,1.8,2.77,5.19,0.0,2.61,3.58,4.38,2.77,3.23,3.96,2.85,4.55,5.09,4.78,0.0,3.13,3.11,3.54,2.52,3.6,5.34,2.34,2.83,2.87,2.99,4.6,3.47,3.27,2.6,3.46,3.08,4.06,3.34,3.65,4.09,3.22,4.43,3.45,3.96,5.37,4.09,6.16,0.0,5.02,2.27,4.89,4.71,6.13,0.0,5.71,3.84,2.28,4.04,2.65,5.84,6.36,0.0,0.0,0.0,4.67,4.44,6.4,4.51,0.0,0.0,0.0,3.82,5.41,4.88,6.2,0.0,0.0,0.0,3.09,3.9,4.28,5.08,0.0,0.0,0.0,0.0,0.0,5.15,3.05,0.0,0.0,0.0,5.73,5.4,5.23,0.0,0.0,0.0,0.0,2.38,5.8,5.08,0.0,0.0,0.0,0.0,3.93,4.66,6.89,0.0,0.0,0.0,0.0,5.71,5.11,6.63,0.0,0.0,0.0,0.0,5.25,0.0,5.14,0.0,0.0,0.0,0.0,5.01,5.71,0.0,5.38,0.0,0.0,0.0,0.0,0.0,6.05,4.43,0.0,0.0,0.0,8.14,5.78,7.47,6.57,0.0,0.0,0.0,5.99,8.48,5.34,6.94,0.0,0.0,0.0,6.55,5.92,7.85,4.5,0.0,0.0,0.0,5.96,8.13,6.38,4.24,0.0,0.0,0.0,6.12,8.78,8.47,7.28,0.0,0.0,0.0,6.13,8.15,8.7,5.55,0.0,0.0,0.0,6.12,7.14,6.28,6.6,0.0,0.0,0.0,6.3,8.07,7.98,6.87,0.0,0.0,0.0,5.38,5.2,5.45,8.09,0.0,0.0,0.0,5.43,6.38,9.09,5.27,0.0,0.0,0.0,7.81,6.43,4.88,0.0,0.0,0.0
Tax,0.0,0.0,0.0,0.0,0.0,9.83,11.25,13.59,0.0,0.0,0.0,10.95,10.84,10.1,12.05,12.26,0.0,0.0,8.47,9.25,9.0,11.68,10.07,10.08,0.0,10.07,7.8,10.17,11.69,11.32,0.0,0.0,9.05,9.37,11.64,10.7,10.96,0.0,0.0,9.74,10.11,10.38,10.04,10.85,10.59,7.78,10.52,9.89,9.4,13.18,11.32,0.0,0.0,9.98,9.31,10.54,10.77,10.97,0.0,0.0,9.33,8.77,9.7,9.33,9.41,8.2,0.0,10.05,7.6,8.46,10.99,7.65,0.0,0.0,0.0,9.44,8.69,9.66,9.22,0.0,0.0,8.0,8.83,8.64,9.58,8.05,0.0,0.0,9.29,8.89,8.49,10.24,8.61,0.0,7.57,8.42,6.58,8.63,7.5,6.57,0.0,0.0,7.74,10.09,7.15,8.4,8.72,0.0,0.0,7.13,8.24,8.37,7.76,8.21,0.0,0.0,7.43,6.39,8.67,8.88,8.21,0.0,6.61,4.85,5.92,7.85,6.24,8.86,4.47,7.39,5.93,7.82,7.47,6.74,9.16,7.75,6.39,6.42,6.7,6.17,9.45,7.15,6.06,5.52,5.95,5.42,8.49,8.04,8.7,0.0,5.56,6.22,6.14,7.11,7.77,7.31,4.54,5.42,8.33,0.0,5.96,8.53,9.15,4.46,6.07,5.89,4.86,7.91,8.18,7.75,0.0,6.83,6.04,6.66,5.99,6.96,9.19,5.59,6.74,6.67,6.43,6.73,9.06,7.53,6.08,6.56,8.1,7.76,7.82,7.9,6.5,7.42,7.73,6.83,7.77,8.42,9.59,9.17,0.0,8.51,5.81,8.31,8.3,9.83,0.0,8.38,5.82,5.53,8.48,6.88,9.09,9.51,0.0,0.0,0.0,7.88,7.96,9.4,7.91,0.0,0.0,0.0,6.29,9.05,9.56,9.56,0.0,0.0,0.0,7.4,8.99,9.06,9.8,0.0,0.0,0.0,0.0,0.0,10.2,8.12,0.0,0.0,0.0,9.06,9.06,11.8,0.0,0.0,0.0,0.0,5.7,9.11,12.31,0.0,0.0,0.0,0.0,9.77,10.06,11.1,0.0,0.0,0.0,0.0,8.76,10.89,10.72,0.0,0.0,0.0,0.0,8.75,0.0,13.4,0.0,0.0,0.0,0.0,10.79,10.85,0.0,10.36,0.0,0.0,0.0,0.0,0.0,14.05,11.22,0.0,0.0,0.0,12.13,12.48,13.36,12.21,0.0,0.0,0.0,11.35,13.39,13.47,12.25,0.0,0.0,0.0,12.07,11.99,12.67,11.28,0.0,0.0,0.0,11.44,11.84,13.36,10.91,0.0,0.0,0.0,10.99,12.89,15.09,12.49,0.0,0.0,0.0,10.85,12.88,15.76,12.66,0.0,0.0,0.0,10.65,11.2,15.02,12.0,0.0,0.0,0.0,12.73,14.69,13.4,12.39,0.0,0.0,0.0,13.21,11.43,12.66,12.49,0.0,0.0,0.0,12.43,12.13,13.55,13.26,0.0,0.0,0.0,12.71,12.47,11.62,0.0,0.0,0.0
Tip,0.0,0.0,0.0,0.0,0.0,23.41,21.66,28.73,0.0,0.0,0.0,20.93,21.74,18.73,23.62,23.35,0.0,0.0,18.62,18.52,16.59,23.76,23.22,20.02,0.0,23.24,16.24,24.33,28.2,22.87,0.0,0.0,17.3,19.71,25.7,25.93,20.99,0.0,0.0,18.56,24.74,23.55,19.13,26.07,19.98,14.63,21.4,23.97,17.33,31.78,25.08,0.0,0.0,21.12,20.34,24.19,24.3,27.02,0.0,0.0,19.46,20.38,23.22,22.94,18.74,17.31,0.0,24.42,15.66,20.53,22.89,15.78,0.0,0.0,0.0,19.55,18.24,18.46,17.15,0.0,0.0,18.02,20.63,17.02,18.88,16.09,0.0,0.0,19.15,18.03,18.93,19.88,16.27,0.0,17.47,16.95,14.68,15.91,15.61,14.41,0.0,0.0,17.14,22.21,13.74,19.12,16.33,0.0,0.0,14.15,16.07,20.59,15.56,18.15,0.0,0.0,13.73,13.78,19.13,20.17,16.72,0.0,12.05,8.94,12.89,14.68,12.18,18.03,8.35,13.61,14.33,16.43,14.58,15.34,16.74,15.33,15.58,15.39,14.95,11.62,19.15,13.15,11.88,10.14,11.33,12.09,16.01,15.45,20.9,0.0,11.33,11.68,14.34,16.04,16.88,16.22,8.55,10.77,18.3,0.0,13.98,19.06,19.72,8.16,14.54,10.98,9.25,17.94,19.17,18.04,0.0,13.22,11.14,15.77,14.66,13.77,21.86,11.63,13.62,14.32,11.74,14.17,17.66,17.16,13.05,15.61,19.43,15.72,15.66,19.17,13.94,13.98,14.31,16.78,17.05,15.63,20.61,19.67,0.0,20.7,14.12,15.8,15.93,20.48,0.0,18.63,13.33,12.13,16.58,16.14,16.64,21.6,0.0,0.0,0.0,17.07,14.79,19.71,17.76,0.0,0.0,0.0,13.64,18.69,20.51,19.24,0.0,0.0,0.0,18.04,19.22,19.2,23.26,0.0,0.0,0.0,0.0,0.0,22.53,19.62,0.0,0.0,0.0,18.71,18.55,22.01,0.0,0.0,0.0,0.0,13.91,22.34,29.46,0.0,0.0,0.0,0.0,23.26,24.01,24.66,0.0,0.0,0.0,0.0,16.66,20.73,25.04,0.0,0.0,0.0,0.0,16.69,0.0,29.43,0.0,0.0,0.0,0.0,21.66,22.56,0.0,24.9,0.0,0.0,0.0,0.0,0.0,30.16,26.76,0.0,0.0,0.0,29.82,22.97,26.91,29.77,0.0,0.0,0.0,21.31,28.44,29.66,24.83,0.0,0.0,0.0,26.36,22.89,27.49,25.12,0.0,0.0,0.0,24.59,22.44,29.17,25.26,0.0,0.0,0.0,25.09,26.99,31.52,29.0,0.0,0.0,0.0,23.37,30.68,33.46,26.84,0.0,0.0,0.0,24.17,23.34,36.38,29.17,0.0,0.0,0.0,23.79,31.45,24.83,26.94,0.0,0.0,0.0,29.16,26.87,30.68,25.39,0.0,0.0,0.0,30.33,23.02,32.25,29.7,0.0,0.0,0.0,30.46,23.38,22.05,0.0,0.0,0.0
Refunds by Amount,-0.0,-0.0,-0.0,-0.0,-0.0,-0.05,-0.59,-1.19,-0.0,-0.0,-0.0,-0.85,-0.56,-0.8,-0.85,-0.95,-0.0,-0.0,-0.15,-0.22,-0.26,-0.62,-0.56,-0.84,-0.0,-0.17,-0.25,-0.74,-0.57,-0.52,-0.0,-0.0,-0.23,-0.07,-0.48,-0.84,-0.59,-0.0,-0.0,-0.33,-0.53,-0.54,-0.85,-0.33,-0.39,-0.43,-0.83,-0.62,-0.4,-0.96,-0.49,-0.0,-0.0,-0.11,-0.69,-0.28,-0.81,-0.6,-0.0,-0.0,-0.65,-0.05,-0.84,-0.73,-0.25,-0.09,-0.0,-0.43,-0.08,-0.38,-0.24,-0.28,-0.0,-0.0,-0.0,-0.14,-0.37,-0.42,-0.81,-0.0,-0.0,-0.65,-0.31,-0.2,-0.48,-0.23,-0.0,-0.0,-0.17,-0.07,-0.54,-0.27,-0.69,-0.0,-0.63,-0.19,-0.0,-0.3,-0.64,-0.45,-0.0,-0.0,-0.63,-0.87,-0.46,-0.65,-0.66,-0.0,-0.0,-0.46,-0.1,-0.29,-0.69,-0.41,-0.0,-0.0,-0.19,-0.57,-0.71,-0.29,-0.24,-0.0,-0.54,-0.08,-0.0,-0.62,-0.33,-0.53,-0.29,-0.03,-0.05,-0.35,-0.03,-0.3,-0.6,-0.45,-0.35,-0.03,-0.14,-0.49,-0.1,-0.34,-0.03,-0.46,-0.09,-0.2,-0.41,-0.52,-0.73,-0.0,-0.17,-0.04,-0.39,-0.62,-0.01,-0.51,-0.07,-0.22,-0.39,-0.0,-0.53,-0.52,-0.32,-0.28,-0.25,-0.22,-0.16,-0.35,-0.21,-0.17,-0.0,-0.27,-0.16,-0.5,-0.45,-0.21,-0.51,-0.45,-0.22,-0.33,-0.25,-0.39,-0.78,-0.09,-0.52,-0.39,-0.58,-0.44,-0.61,-0.23,-0.41,-0.17,-0.35,-0.42,-0.14,-0.05,-0.68,-0.66,-0.0,-0.24,-0.34,-0.06,-0.49,-0.51,-0.0,-0.33,-0.12,-0.36,-0.35,-0.46,-0.3,-0.07,-0.0,-0.0,-0.0,-0.62,-0.04,-0.65,-0.18,-0.0,-0.0,-0.0,-0.27,-0.43,-0.59,-0.54,-0.0,-0.0,-0.0,-0.23,-0.49,-0.37,-0.49,-0.0,-0.0,-0.0,-0.0,-0.0,-0.6,-0.65,-0.0,-0.0,-0.0,-0.1,-0.72,-0.13,-0.0,-0.0,-0.0,-0.0,-0.14,-0.58,-1.08,-0.0,-0.0,-0.0,-0.0,-0.38,-0.26,-0.81,-0.0,-0.0,-0.0,-0.0,-0.78,-0.59,-0.83,-0.0,-0.0,-0.0,-0.0,-0.29,-0.0,-1.11,-0.0,-0.0,-0.0,-0.0,-0.43,-0.77,-0.0,-0.61,-0.0,-0.0,-0.0,-0.0,-0.0,-0.24,-0.09,-0.0,-0.0,-0.0,-0.88,-1.05,-1.0,-0.71,-0.0,-0.0,-0.0,-0.76,-0.83,-1.0,-0.33,-0.0,-0.0,-0.0,-0.35,-0.17,-0.56,-0.37,-0.0,-0.0,-0.0,-0.69,-1.04,-0.26,-0.49,-0.0,-0.0,-0.0,-0.08,-0.87,-1.17,-0.57,-0.0,-0.0,-0.0,-0.49,-0.22,-0.43,-0.35,-0.0,-0.0,-0.0,-0.89,-0.14,-1.29,-0.91,-0.0,-0.0,-0.0,-0.12,-0.14,-0.42,-0.45,-0.0,-0.0,-0.0,-0.85,-0.15,-0.63,-0.18,-0.0,-0.0,-0.0,-0.21,-0.11,-0.79,-0.55,-0.0,-0.0,-0.0,-0.89,-0.54,-0.56,-0.0,-0.0,-0.0
Total,0.0,0.0,0.0,0.0,0.0,212.54,238.48,291.45,0.0,0.0,0.0,233.78,232.39,214.82,257.39,260.95,0.0,0.0,183.31,197.11,189.9,250.61,216.78,216.04,0.0,217.85,168.34,219.75,254.48,240.31,0.0,0.0,193.53,200.77,252.03,233.35,233.43,0.0,0.0,206.84,220.95,225.39,212.53,236.7,223.92,165.21,225.48,213.68,200.0,284.28,245.86,0.0,0.0,215.19,200.35,229.08,230.82,239.45,0.0,0.0,198.31,190.2,210.86,203.3,199.6,176.39,0.0,217.95,163.81,183.47,235.64,164.54,0.0,0.0,0.0,202.47,186.68,206.34,195.65,0.0,0.0,172.57,191.17,185.06,203.78,171.81,0.0,0.0,198.6,191.2,182.62,219.3,183.32,0.0,164.15,178.82,142.05,184.01,160.65,141.52,0.0,0.0,166.85,216.81,151.24,180.84,184.2,0.0,0.0,151.62,175.68,182.35,165.5,178.17,0.0,0.0,157.02,137.88,186.46,192.53,174.54,0.0,139.24,102.84,127.21,166.13,133.5,190.24,94.72,157.52,129.12,167.43,159.46,145.01,193.29,165.67,139.68,138.92,145.33,131.5,202.2,150.42,129.66,116.23,126.98,116.87,180.64,170.28,188.83,0.0,119.29,131.7,134.03,152.81,167.05,156.9,95.81,115.48,180.25,0.0,128.42,183.05,196.34,94.69,132.0,125.76,103.51,171.35,178.31,168.8,0.0,144.93,127.97,144.35,129.59,148.41,199.99,118.94,143.29,142.65,135.64,145.28,191.21,162.28,129.85,142.41,174.71,165.76,165.94,171.63,140.1,156.94,164.22,148.54,167.44,179.73,204.8,198.05,0.0,185.94,125.53,177.31,176.68,211.52,0.0,182.06,126.83,118.38,180.12,148.0,193.66,207.24,0.0,0.0,0.0,169.62,169.26,202.68,171.19,0.0,0.0,0.0,135.83,194.25,205.05,205.25,0.0,0.0,0.0,160.4,192.17,193.88,212.63,0.0,0.0,0.0,0.0,0.0,219.42,175.09,0.0,0.0,0.0,195.17,194.1,249.56,0.0,0.0,0.0,0.0,123.65,199.37,265.63,0.0,0.0,0.0,0.0,211.07,218.18,240.05,0.0,0.0,0.0,0.0,186.73,230.56,232.91,0.0,0.0,0.0,0.0,186.63,0.0,286.09,0.0,0.0,0.0,0.0,229.7,232.18,0.0,225.1,0.0,0.0,0.0,0.0,0.0,300.96,242.61,0.0,0.0,0.0,265.78,263.08,285.23,265.91,0.0,0.0,0.0,240.67,288.49,287.93,262.52,0.0,0.0,0.0,260.25,254.64,273.66,242.02,0.0,0.0,0.0,245.58,252.88,287.18,234.8,0.0,0.0,0.0,238.28,277.96,323.43,271.21,0.0,0.0,0.0,233.7,281.44,338.95,270.75,0.0,0.0,0.0,230.29,241.46,324.54,261.19,0.0,0.0,0.0,270.05,316.36,285.02,266.99,0.0,0.0,0.0,282.71,247.52,274.22,268.79,0.0,0.0,0.0,270.03,258.06,296.06,284.38,0.0,0.0,0.0,277.08,264.4,245.43,0.0,0.0,0.0
,,,,,,,,,,,,,,,,,,,,,,,,,,,,,,,,,,,,,,,,,,,,,,,,,,,,,,,,,,,,,,,,,,,,,,,,,,,,,,,,,,,,,,,,,,,,,,,,,,,,,,,,,,,,,,,,,,,,,,,,,,,,,,,,,,,,,,,,,,,,,,,,,,,,,,,,,,,,,,,,,,,,,,,,,,,,,,,,,,,,,,,,,,,,,,,,,,,,,,,,,,,,,,,,,,,,,,,,,,,,,,,,,,,,,,,,,,,,,,,,,,,,,,,,,,,,,,,,,,,,,,,,,,,,,,,,,,,,,,,,,,,,,,,,,,,,,,,,,,,,,,,,,,,,,,,,,,,,,,,,,,,,,,,,,,,,,,,,,,,,,,,,,,,,,,,,,,,,,,,,,,,,,,,,
Payments,,,,,,,,,,,,,,,,,,,,,,,,,,,,,,,,,,,,,,,,,,,,,,,,,,,,,,,,,,,,,,,,,,,,,,,,,,,,,,,,,,,,,,,,,,,,,,,,,,,,,,,,,,,,,,,,,,,,,,,,,,,,,,,,,,,,,,,,,,,,,,,,,,,,,,,,,,,,,,,,,,,,,,,,,,,,,,,,,,,,,,,,,,,,,,,,,,,,,,,,,,,,,,,,,,,,,,,,,,,,,,,,,,,,,,,,,,,,,,,,,,,,,,,,,,,,,,,,,,,,,,,,,,,,,,,,,,,,,,,,,,,,,,,,,,,,,,,,,,,,,,,,,,,,,,,,,,,,,,,,,,,,,,,,,,,,,,,,,,,,,,,,,,,,,,,,,,,,,,,,,,,,,,,,
Total Collected,0.0,0.0,0.0,0.0,0.0,209.98,236.68,293.79,0.0,0.0,0.0,233.98,232.13,214.86,257.14,260.51,0.0,0.0,182.98,201.23,188.06,250.31,214.59,216.32,0.0,216.16,168.56,217.48,253.16,237.68,0.0,0.0,194.52,199.11,251.83,232.78,232.8,0.0,0.0,212.45,220.36,225.31,211.01,236.0,221.88,164.55,225.26,211.19,199.73,280.76,247.87,0.0,0.0,214.79,199.4,235.29,229.13,238.37,0.0,0.0,195.98,194.68,210.14,202.35,197.36,175.73,0.0,215.82,163.89,181.67,234.3,164.32,0.0,0.0,0.0,207.6,190.15,206.32,195.25,0.0,0.0,171.83,189.87,186.2,209.0,170.87,0.0,0.0,197.13,191.16,181.37,219.34,183.22,0.0,164.05,176.71,141.08,184.25,160.04,140.91,0.0,0.0,166.2,215.45,149.81,179.35,182.76,0.0,0.0,150.56,174.69,181.02,168.23,178.72,0.0,0.0,155.73,137.96,185.49,192.04,172.57,0.0,138.2,102.34,125.99,165.15,133.49,190.21,94.23,157.39,128.34,166.28,158.78,143.62,191.86,165.36,139.47,137.28,145.06,134.06,201.03,148.73,130.59,115.25,126.64,116.34,180.14,168.85,187.76,0.0,118.92,130.48,134.21,151.55,165.71,155.54,94.73,114.78,180.03,0.0,127.18,181.13,194.83,94.62,131.27,125.94,103.25,170.75,178.04,168.52,0.0,143.71,127.24,143.56,128.22,147.56,205.79,117.71,141.81,141.24,134.56,145.53,188.95,160.68,128.56,141.6,172.54,164.85,164.3,170.13,139.99,155.46,163.72,147.54,168.4,179.71,202.75,198.27,0.0,187.11,124.03,179.69,176.1,211.3,0.0,185.29,126.87,117.11,178.75,146.21,193.69,207.39,0.0,0.0,0.0,169.21,168.63,203.0,170.56,0.0,0.0,0.0,135.58,193.84,203.78,205.3,0.0,0.0,0.0,158.68,190.31,192.34,211.33,0.0,0.0,0.0,0.0,0.0,217.99,175.87,0.0,0.0,0.0,195.04,193.67,247.3,0.0,0.0,0.0,0.0,122.32,199.19,262.75,0.0,0.0,0.0,0.0,208.67,222.42,239.74,0.0,0.0,0.0,0.0,186.84,236.45,232.55,0.0,0.0,0.0,0.0,186.28,0.0,282.65,0.0,0.0,0.0,0.0,227.83,233.27,0.0,223.72,0.0,0.0,0.0,0.0,0.0,297.98,239.77,0.0,0.0,0.0,265.95,260.96,284.13,264.5,0.0,0.0,0.0,241.43,288.32,286.44,261.59,0.0,0.0,0.0,259.0,252.92,273.3,246.38,0.0,0.0,0.0,250.89,260.88,284.95,232.0,0.0,0.0,0.0,241.09,278.41,322.2,270.36,0.0,0.0,0.0,232.81,281.15,337.48,268.18,0.0,0.0,0.0,229.5,241.36,321.09,259.95,0.0,0.0,0.0,268.24,314.94,284.45,265.85,0.0,0.0,0.0,279.61,245.3,271.44,268.82,0.0,0.0,0.0,267.36,256.7,296.27,281.12,0.0,0.0,0.0,276.58,262.9,242.95,0.0,0.0,0.0
Cash,0.0,0.0,0.0,0.0,0.0,52.47,48.74,91.23,0.0,0.0,0.0,59.78,60.9,49.48,63.41,70.29,0.0,0.0,47.95,60.51,46.66,66.46,48.05,50.76,0.0,52.53,45.55,56.86,60.85,60.81,0.0,0.0,53.24,54.82,62.62,56.44,62.01,0.0,0.0,64.76,61.17,58.45,54.53,57.49,54.16,39.64,56.84,53.73,54.98,71.65,62.95,0.0,0.0,58.13,59.26,63.21,66.89,61.07,0.0,0.0,46.71,53.93,61.98,54.57,54.95,50.38,0.0,58.49,39.68,45.16,58.29,42.3,0.0,0.0,0.0,60.85,52.96,56.72,49.44,0.0,0.0,46.32,43.12,50.93,65.16,38.16,0.0,0.0,51.18,55.09,43.05,57.75,53.17,0.0,41.27,46.92,35.64,53.69,38.78,39.33,0.0,0.0,43.02,44.86,39.3,43.05,46.21,0.0,0.0,36.12,50.88,47.84,48.27,47.51,0.0,0.0,44.79,38.52,48.48,50.25,44.98,0.0,41.73,26.75,30.12,41.56,36.7,51.97,24.36,38.79,33.64,37.77,37.19,40.08,48.35,44.35,39.82,37.98,37.85,39.94,55.35,38.01,35.66,31.19,30.78,30.56,46.35,37.39,48.43,0.0,29.94,29.79,33.87,39.61,43.78,37.13,26.16,27.14,46.03,0.0,31.56,45.67,55.38,23.87,33.51,33.27,29.15,36.79,43.32,40.4,0.0,35.14,31.07,38.42,31.33,38.96,53.64,29.14,37.64,41.87,36.16,35.88,49.46,39.15,34.48,39.54,42.5,42.39,46.92,42.88,36.97,37.52,39.95,37.07,50.82,45.26,51.08,49.26,0.0,50.78,33.11,53.4,46.69,61.12,0.0,49.54,29.31,30.48,46.58,37.76,42.01,57.53,0.0,0.0,0.0,43.33,45.39,47.55,41.32,0.0,0.0,0.0,33.76,47.26,53.07,58.21,0.0,0.0,0.0,40.25,52.97,44.72,47.92,0.0,0.0,0.0,0.0,0.0,47.68,47.26,0.0,0.0,0.0,46.23,45.14,59.86,0.0,0.0,0.0,0.0,30.19,48.17,71.45,0.0,0.0,0.0,0.0,56.31,61.23,64.06,0.0,0.0,0.0,0.0,48.18,66.58,61.32,0.0,0.0,0.0,0.0,43.62,0.0,76.38,0.0,0.0,0.0,0.0,56.22,60.79,0.0,61.55,0.0,0.0,0.0,0.0,0.0,83.11,58.59,0.0,0.0,0.0,65.35,66.94,68.33,75.47,0.0,0.0,0.0,68.21,81.4,79.59,74.33,0.0,0.0,0.0,60.28,71.2,67.48,73.96,0.0,0.0,0.0,72.7,68.21,67.68,62.79,0.0,0.0,0.0,66.8,73.05,76.96,68.46,0.0,0.0,0.0,66.14,77.17,77.53,72.6,0.0,0.0,0.0,57.35,58.19,90.42,62.34,0.0,0.0,0.0,68.56,73.41,66.55,63.24,0.0,0.0,0.0,77.76,58.5,65.45,73.53,0.0,0.0,0.0,65.56,68.37,78.16,81.97,0.0,0.0,0.0,78.26,64.71,62.03,0.0,0.0,0.0
Card,0.0,0.0,0.0,0.0,0.0,149.32,167.92,194.85,0.0,0.0,0.0,154.4,160.66,137.31,172.8,175.34,0.0,0.0,120.15,136.35,128.45,167.16,141.48,141.79,0.0,143.94,114.68,154.1,178.3,170.91,0.0,0.0,135.55,137.77,177.05,158.73,164.31,0.0,0.0,142.73,152.0,154.32,145.48,165.64,149.97,118.08,152.85,149.52,135.64,191.91,177.18,0.0,0.0,143.26,134.97,165.65,157.91,167.3,0.0,0.0,137.52,136.19,140.45,140.7,136.93,116.34,0.0,147.06,103.77,126.95,162.78,110.44,0.0,0.0,0.0,141.8,132.21,138.16,136.22,0.0,0.0,117.05,129.99,129.96,139.08,116.3,0.0,0.0,131.49,128.1,123.99,146.64,124.22,0.0,118.2,126.35,97.87,124.93,116.28,97.14,0.0,0.0,114.48,153.55,102.79,130.56,122.0,0.0,0.0,108.61,118.3,123.78,115.6,125.63,0.0,0.0,102.39,94.14,126.41,129.58,116.3,0.0,92.6,71.02,90.36,106.55,90.47,127.77,65.34,104.11,87.43,110.37,110.65,98.89,130.81,113.88,94.29,90.15,100.56,90.18,136.87,105.25,91.33,76.5,84.36,83.09,127.96,113.27,123.94,0.0,79.93,85.38,91.22,100.0,109.55,109.57,63.84,78.36,124.84,0.0,86.46,124.63,130.27,67.7,91.48,82.74,70.4,118.96,122.96,120.96,0.0,96.99,86.79,94.46,88.77,101.37,146.81,81.11,91.44,95.08,92.54,95.14,126.71,109.16,89.18,96.37,115.69,115.33,111.05,114.99,91.41,104.26,113.81,96.2,113.62,124.8,137.72,135.62,0.0,131.31,88.12,121.41,113.94,139.41,0.0,130.04,87.0,83.45,120.29,100.08,131.69,142.68,0.0,0.0,0.0,111.45,110.51,139.25,114.17,0.0,0.0,0.0,91.07,140.3,140.0,136.48,0.0,0.0,0.0,110.31,128.55,130.09,151.68,0.0,0.0,0.0,0.0,0.0,149.12,125.56,0.0,0.0,0.0,131.37,134.0,176.94,0.0,0.0,0.0,0.0,81.14,135.81,171.43,0.0,0.0,0.0,0.0,137.68,156.53,156.79,0.0,0.0,0.0,0.0,130.87,164.76,154.03,0.0,0.0,0.0,0.0,124.78,0.0,187.39,0.0,0.0,0.0,0.0,155.56,166.78,0.0,153.01,0.0,0.0,0.0,0.0,0.0,202.87,165.35,0.0,0.0,0.0,173.36,185.05,199.4,180.32,0.0,0.0,0.0,167.23,197.83,201.51,175.59,0.0,0.0,0.0,177.77,171.04,192.45,167.92,0.0,0.0,0.0,172.24,184.55,192.3,160.02,0.0,0.0,0.0,168.16,183.52,230.1,179.37,0.0,0.0,0.0,154.53,187.43,227.35,183.83,0.0,0.0,0.0,159.41,166.89,223.72,185.54,0.0,0.0,0.0,193.32,203.11,201.12,180.16,0.0,0.0,0.0,190.08,164.91,189.18,174.87,0.0,0.0,0.0,179.79,171.42,194.63,190.28,0.0,0.0,0.0,186.94,175.07,167.68,0.0,0.0,0.0
Other,0.0,0.0,0.0,0.0,0.0,4.37,14.66,0.0,0.0,0.0,0.0,12.59,3.86,21.59,13.46,7.49,0.0,0.0,9.71,0.0,9.1,9.48,20.74,17.01,0.0,14.84,3.05,2.2,7.69,1.38,0.0,0.0,0.0,2.16,4.81,11.18,0.1,0.0,0.0,0.0,1.15,5.87,6.15,6.47,13.07,2.54,9.03,4.02,3.39,12.2,0.0,0.0,0.0,7.35,0.11,0.0,0.0,3.9,0.0,0.0,8.14,0.0,2.1,1.93,1.73,4.38,0.0,5.87,15.44,5.84,7.5,6.86,0.0,0.0,0.0,0.0,0.0,5.27,4.13,0.0,0.0,4.02,12.32,0.0,0.0,12.19,0.0,0.0,9.97,2.28,10.1,8.33,0.43,0.0,0.0,0.19,4.28,0.0,0.77,0.79,0.0,0.0,4.34,11.9,4.61,1.8,10.46,0.0,0.0,2.34,1.23,5.25,0.0,0.0,0.0,0.0,5.12,1.09,5.97,6.93,8.03,0.0,0.73,1.98,2.92,13.03,2.32,4.79,2.18,9.89,4.19,14.27,6.83,1.68,8.33,2.47,1.38,6.63,2.57,0.0,3.91,2.65,0.0,5.05,8.03,0.0,0.91,14.51,10.79,0.0,5.84,12.58,4.91,8.62,8.71,5.5,2.94,6.52,3.97,0.0,6.55,7.25,4.8,0.28,3.05,5.98,0.86,10.46,6.67,2.38,0.0,8.46,6.27,7.14,5.61,3.63,0.0,5.12,9.91,1.41,2.87,9.91,9.31,9.1,2.29,2.23,11.28,3.07,2.99,8.61,7.53,10.46,5.53,10.82,0.0,4.28,9.86,7.22,0.0,0.0,0.53,0.0,10.75,4.65,0.0,0.0,6.71,0.9,7.84,5.72,14.14,0.81,0.0,0.0,0.0,9.76,8.29,9.81,10.56,0.0,0.0,0.0,6.93,0.86,5.82,4.4,0.0,0.0,0.0,5.03,4.89,13.25,6.65,0.0,0.0,0.0,0.0,0.0,16.04,0.0,0.0,0.0,0.0,11.71,9.13,5.26,0.0,0.0,0.0,0.0,8.61,9.41,14.78,0.0,0.0,0.0,0.0,10.74,0.0,12.0,0.0,0.0,0.0,0.0,2.08,0.0,10.57,0.0,0.0,0.0,0.0,12.63,0.0,13.75,0.0,0.0,0.0,0.0,11.04,0.0,0.0,3.79,0.0,0.0,0.0,0.0,0.0,5.95,11.39,0.0,0.0,0.0,19.09,3.19,8.95,2.14,0.0,0.0,0.0,0.0,0.6,0.0,4.73,0.0,0.0,0.0,14.39,4.76,5.53,0.0,0.0,0.0,0.0,0.0,0.0,18.58,4.95,0.0,0.0,0.0,0.0,13.05,6.67,15.25,0.0,0.0,0.0,6.02,8.4,23.9,6.2,0.0,0.0,0.0,6.63,9.14,0.67,5.47,0.0,0.0,0.0,0.07,30.36,8.8,15.58,0.0,0.0,0.0,6.39,16.68,11.36,12.33,0.0,0.0,0.0,16.58,10.53,14.39,3.6,0.0,0.0,0.0,3.57,16.69,8.36,0.0,0.0,0.0
Gift Card,0.0,0.0,0.0,0.0,0.0,3.81,5.36,7.72,0.0,0.0,0.0,7.21,6.72,6.48,7.46,7.39,0.0,0.0,5.18,4.37,3.86,7.22,4.31,6.76,0.0,4.84,5.27,4.32,6.32,4.58,0.0,0.0,5.73,4.36,7.36,6.43,6.38,0.0,0.0,4.95,6.04,6.68,4.85,6.4,4.68,4.3,6.55,3.91,5.73,5.01,7.73,0.0,0.0,6.05,5.06,6.43,4.33,6.1,0.0,0.0,3.62,4.56,5.6,5.15,3.75,4.64,0.0,4.4,4.99,3.71,5.73,4.72,0.0,0.0,0.0,4.96,4.99,6.16,5.47,0.0,0.0,4.43,4.43,5.31,4.76,4.22,0.0,0.0,4.49,5.69,4.22,6.62,5.4,0.0,4.57,3.25,3.29,5.62,4.21,3.64,0.0,0.0,4.36,5.15,3.1,3.94,4.09,0.0,0.0,3.48,4.28,4.14,4.36,5.58,0.0,0.0,3.42,4.21,4.62,5.28,3.27,0.0,3.14,2.59,2.6,4.0,4.0,5.68,2.36,4.59,3.09,3.87,4.11,2.96,4.37,4.67,3.98,2.52,4.09,3.94,4.9,2.82,3.6,2.51,3.46,2.69,4.92,3.68,4.6,0.0,3.21,2.74,4.2,3.33,3.68,3.34,1.8,2.77,5.19,0.0,2.61,3.58,4.38,2.77,3.23,3.96,2.85,4.55,5.09,4.78,0.0,3.13,3.11,3.54,2.52,3.6,5.34,2.34,2.83,2.87,2.99,4.6,3.47,3.27,2.6,3.46,3.08,4.06,3.34,3.65,4.09,3.22,4.43,3.45,3.96,5.37,4.09,6.16,0.0,5.02,2.27,4.89,4.71,6.13,0.0,5.71,3.84,2.28,4.04,2.65,5.84,6.36,0.0,0.0,0.0,4.67,4.44,6.4,4.51,0.0,0.0,0.0,3.82,5.41,4.88,6.2,0.0,0.0,0.0,3.09,3.9,4.28,5.08,0.0,0.0,0.0,0.0,0.0,5.15,3.05,0.0,0.0,0.0,5.73,5.4,5.23,0.0,0.0,0.0,0.0,2.38,5.8,5.08,0.0,0.0,0.0,0.0,3.93,4.66,6.89,0.0,0.0,0.0,0.0,5.71,5.11,6.63,0.0,0.0,0.0,0.0,5.25,0.0,5.14,0.0,0.0,0.0,0.0,5.01,5.71,0.0,5.38,0.0,0.0,0.0,0.0,0.0,6.05,4.43,0.0,0.0,0.0,8.14,5.78,7.47,6.57,0.0,0.0,0.0,5.99,8.48,5.34,6.94,0.0,0.0,0.0,6.55,5.92,7.85,4.5,0.0,0.0,0.0,5.96,8.13,6.38,4.24,0.0,0.0,0.0,6.12,8.78,8.47,7.28,0.0,0.0,0.0,6.13,8.15,8.7,5.55,0.0,0.0,0.0,6.12,7.14,6.28,6.6,0.0,0.0,0.0,6.3,8.07,7.98,6.87,0.0,0.0,0.0,5.38,5.2,5.45,8.09,0.0,0.0,0.0,5.43,6.38,9.09,5.27,0.0,0.0,0.0,7.81,6.43,4.88,0.0,0.0,0.0
Fees,0.0,0.0,0.0,0.0,0.0,4.48,5.04,5.85,0.0,0.0,0.0,4.63,4.82,4.12,5.18,5.26,0.0,0.0,3.6,4.09,3.85,5.01,4.24,4.25,0.0,4.32,3.44,4.62,5.35,5.13,0.0,0.0,4.07,4.13,5.31,4.76,4.93,0.0,0.0,4.28,4.56,4.63,4.36,4.97,4.5,3.54,4.59,4.49,4.07,5.76,5.32,0.0,0.0,4.3,4.05,4.97,4.74,5.02,0.0,0.0,4.13,4.09,4.21,4.22,4.11,3.49,0.0,4.41,3.11,3.81,4.88,3.31,0.0,0.0,0.0,4.25,3.97,4.14,4.09,0.0,0.0,3.51,3.9,3.9,4.17,3.49,0.0,0.0,3.94,3.84,3.72,4.4,3.73,0.0,3.55,3.79,2.94,3.75,3.49,2.91,0.0,0.0,3.43,4.61,3.08,3.92,3.66,0.0,0.0,3.26,3.55,3.71,3.47,3.77,0.0,0.0,3.07,2.82,3.79,3.89,3.49,0.0,2.78,2.13,2.71,3.2,2.71,3.83,1.96,3.12,2.62,3.31,3.32,2.97,3.92,3.42,2.83,2.7,3.02,2.71,4.11,3.16,2.74,2.29,2.53,2.49,3.84,3.4,3.72,0.0,2.4,2.56,2.74,3.0,3.29,3.29,1.92,2.35,3.75,0.0,2.59,3.74,3.91,2.03,2.74,2.48,2.11,3.57,3.69,3.63,0.0,2.91,2.6,2.83,2.66,3.04,4.4,2.43,2.74,2.85,2.78,2.85,3.8,3.27,2.68,2.89,3.47,3.46,3.33,3.45,2.74,3.13,3.41,2.89,3.41,3.74,4.13,4.07,0.0,3.94,2.64,3.64,3.42,4.18,0.0,3.9,2.61,2.5,3.61,3.0,3.95,4.28,0.0,0.0,0.0,3.34,3.32,4.18,3.42,0.0,0.0,0.0,2.73,4.21,4.2,4.09,0.0,0.0,0.0,3.31,3.86,3.9,4.55,0.0,0.0,0.0,0.0,0.0,4.47,3.77,0.0,0.0,0.0,3.94,4.02,5.31,0.0,0.0,0.0,0.0,2.43,4.07,5.14,0.0,0.0,0.0,0.0,4.13,4.7,4.7,0.0,0.0,0.0,0.0,3.93,4.94,4.62,0.0,0.0,0.0,0.0,3.74,0.0,5.62,0.0,0.0,0.0,0.0,4.67,5.0,0.0,4.59,0.0,0.0,0.0,0.0,0.0,6.09,4.96,0.0,0.0,0.0,5.2,5.55,5.98,5.41,0.0,0.0,0.0,5.02,5.93,6.05,5.27,0.0,0.0,0.0,5.33,5.13,5.77,5.04,0.0,0.0,0.0,5.17,5.54,5.77,4.8,0.0,0.0,0.0,5.04,5.51,6.9,5.38,0.0,0.0,0.0,4.64,5.62,6.82,5.52,0.0,0.0,0.0,4.78,5.01,6.71,5.57,0.0,0.0,0.0,5.8,6.09,6.03,5.4,0.0,0.0,0.0,5.7,4.95,5.68,5.25,0.0,0.0,0.0,5.39,5.14,5.84,5.71,0.0,0.0,0.0,5.61,5.25,5.03,0.0,0.0,0.0
Net Total,0.0,0.0,0.0,0.0,0.0,205.5,231.64,287.94,0.0,0.0,0.0,229.34,227.31,210.74,251.95,255.25,0.0,0.0,179.38,197.14,184.21,245.3,210.34,212.06,0.0,211.84,165.12,212.86,247.82,232.55,0.0,0.0,190.46,194.98,246.52,228.02,227.87,0.0,0.0,208.17,215.8,220.68,206.64,231.03,217.38,161.01,220.68,206.7,195.66,275.01,242.55,0.0,0.0,210.49,195.35,230.32,224.39,233.35,0.0,0.0,191.86,190.59,205.92,198.13,193.25,172.24,0.0,211.4,160.77,177.87,229.42,161.01,0.0,0.0,0.0,203.35,186.19,202.17,191.16,0.0,0.0,168.32,185.97,182.3,204.83,167.39,0.0,0.0,193.19,187.32,177.65,214.94,179.49,0.0,160.5,172.92,138.15,180.5,156.56,138.0,0.0,0.0,162.77,210.85,146.73,175.44,179.1,0.0,0.0,147.3,171.14,177.3,164.76,174.95,0.0,0.0,152.66,135.13,181.69,188.15,169.08,0.0,135.43,100.21,123.28,161.95,130.78,186.38,92.27,154.26,125.72,162.97,155.47,140.65,187.94,161.95,136.64,134.58,142.05,131.36,196.93,145.57,127.85,112.95,124.1,113.85,176.31,165.45,184.04,0.0,116.53,127.92,131.47,148.55,162.43,152.25,92.82,112.43,176.29,0.0,124.58,177.39,190.92,92.59,128.52,123.46,101.14,167.18,174.35,164.89,0.0,140.8,124.64,140.73,125.56,144.52,201.38,115.27,139.07,138.39,131.79,142.67,185.15,157.4,125.88,138.7,169.07,161.39,160.97,166.68,137.25,152.33,160.31,144.65,164.99,175.96,198.61,194.2,0.0,183.17,121.39,176.05,172.68,207.12,0.0,181.39,124.26,114.6,175.15,143.21,189.74,203.11,0.0,0.0,0.0,165.86,165.31,198.83,167.13,0.0,0.0,0.0,132.85,189.63,199.58,201.2,0.0,0.0,0.0,155.37,186.45,188.44,206.78,0.0,0.0,0.0,0.0,0.0,213.51,172.11,0.0,0.0,0.0,191.1,189.65,241.99,0.0,0.0,0.0,0.0,119.88,195.12,257.6,0.0,0.0,0.0,0.0,204.54,217.72,235.04,0.0,0.0,0.0,0.0,182.91,231.5,227.93,0.0,0.0,0.0,0.0,182.53,0.0,277.03,0.0,0.0,0.0,0.0,223.16,228.27,0.0,219.13,0.0,0.0,0.0,0.0,0.0,291.89,234.81,0.0,0.0,0.0,260.75,255.41,278.15,259.09,0.0,0.0,0.0,236.42,282.39,280.39,256.32,0.0,0.0,0.0,253.67,247.79,267.53,241.34,0.0,0.0,0.0,245.72,255.35,279.18,227.2,0.0,0.0,0.0,236.04,272.9,315.3,264.98,0.0,0.0,0.0,228.17,275.53,330.66,262.67,0.0,0.0,0.0,224.72,236.35,314.38,254.39,0.0,0.0,0.0,262.45,308.85,278.42,260.44,0.0,0.0,0.0,273.9,240.35,265.77,263.58,0.0,0.0,0.0,261.97,251.56,290.43,275.41,0.0,0.0,0.0,270.97,257.65,237.92,0.0,0.0,0.0
